Fuel_Price,CPI,Dept,MarkDown2,Date,Temperature,Type,IsHoliday,MarkDown4,MarkDown3,MarkDown1,MarkDown5,Unemployment,Size,Store
3.919,134.3571,21,,2011-04-22,39.62,B,False,,,,,4.781,114533,23
3.919,134.3571,22,,2011-04-22,39.62,B,False,,,,,4.781,114533,23
3.919,134.3571,23,,2011-04-22,39.62,B,False,,,,,4.781,114533,23
3.919,134.3571,24,,2011-04-22,39.62,B,False,,,,,4.781,114533,23
3.919,134.3571,25,,2011-04-22,39.62,B,False,,,,,4.781,114533,23
3.919,134.3571,26,,2011-04-22,39.62,B,False,,,,,4.781,114533,23
3.919,134.3571,27,,2011-04-22,39.62,B,False,,,,,4.781,114533,23
3.919,134.3571,28,,2011-04-22,39.62,B,False,,,,,4.781,114533,23
3.919,134.3571,29,,2011-04-22,39.62,B,False,,,,,4.781,114533,23
3.919,134.3571,30,,2011-04-22,39.62,B,False,,,,,4.781,114533,23
3.919,134.3571,31,,2011-04-22,39.62,B,False,,,,,4.781,114533,23
3.919,134.3571,32,,2011-04-22,39.62,B,False,,,,,4.781,114533,23
3.919,134.3571,33,,2011-04-22,39.62,B,False,,,,,4.781,114533,23
3.919,134.3571,34,,2011-04-22,39.62,B,False,,,,,4.781,114533,23
3.919,134.3571,35,,2011-04-22,39.62,B,False,,,,,4.781,114533,23
3.919,134.3571,36,,2011-04-22,39.62,B,False,,,,,4.781,114533,23
3.919,134.3571,38,,2011-04-22,39.62,B,False,,,,,4.781,114533,23
3.919,134.3571,40,,2011-04-22,39.62,B,False,,,,,4.781,114533,23
3.919,134.3571,41,,2011-04-22,39.62,B,False,,,,,4.781,114533,23
3.919,134.3571,42,,2011-04-22,39.62,B,False,,,,,4.781,114533,23
3.919,134.3571,44,,2011-04-22,39.62,B,False,,,,,4.781,114533,23
3.919,134.3571,45,,2011-04-22,39.62,B,False,,,,,4.781,114533,23
3.919,134.3571,46,,2011-04-22,39.62,B,False,,,,,4.781,114533,23
3.919,134.3571,49,,2011-04-22,39.62,B,False,,,,,4.781,114533,23
3.919,134.3571,50,,2011-04-22,39.62,B,False,,,,,4.781,114533,23
3.919,134.3571,51,,2011-04-22,39.62,B,False,,,,,4.781,114533,23
3.919,134.3571,52,,2011-04-22,39.62,B,False,,,,,4.781,114533,23
3.919,134.3571,54,,2011-04-22,39.62,B,False,,,,,4.781,114533,23
3.919,134.3571,55,,2011-04-22,39.62,B,False,,,,,4.781,114533,23
3.919,134.3571,56,,2011-04-22,39.62,B,False,,,,,4.781,114533,23
3.919,134.3571,58,,2011-04-22,39.62,B,False,,,,,4.781,114533,23
3.919,134.3571,59,,2011-04-22,39.62,B,False,,,,,4.781,114533,23
3.919,134.3571,60,,2011-04-22,39.62,B,False,,,,,4.781,114533,23
3.919,134.3571,67,,2011-04-22,39.62,B,False,,,,,4.781,114533,23
3.919,134.3571,71,,2011-04-22,39.62,B,False,,,,,4.781,114533,23
3.919,134.3571,72,,2011-04-22,39.62,B,False,,,,,4.781,114533,23
3.919,134.3571,74,,2011-04-22,39.62,B,False,,,,,4.781,114533,23
3.919,134.3571,79,,2011-04-22,39.62,B,False,,,,,4.781,114533,23
3.919,134.3571,80,,2011-04-22,39.62,B,False,,,,,4.781,114533,23
3.919,134.3571,81,,2011-04-22,39.62,B,False,,,,,4.781,114533,23
3.919,134.3571,82,,2011-04-22,39.62,B,False,,,,,4.781,114533,23
3.919,134.3571,83,,2011-04-22,39.62,B,False,,,,,4.781,114533,23
3.919,134.3571,85,,2011-04-22,39.62,B,False,,,,,4.781,114533,23
3.919,134.3571,87,,2011-04-22,39.62,B,False,,,,,4.781,114533,23
3.919,134.3571,90,,2011-04-22,39.62,B,False,,,,,4.781,114533,23
3.919,134.3571,91,,2011-04-22,39.62,B,False,,,,,4.781,114533,23
3.919,134.3571,92,,2011-04-22,39.62,B,False,,,,,4.781,114533,23
3.919,134.3571,93,,2011-04-22,39.62,B,False,,,,,4.781,114533,23
3.919,134.3571,95,,2011-04-22,39.62,B,False,,,,,4.781,114533,23
3.919,134.3571,96,,2011-04-22,39.62,B,False,,,,,4.781,114533,23
3.919,134.3571,97,,2011-04-22,39.62,B,False,,,,,4.781,114533,23
3.919,134.3571,98,,2011-04-22,39.62,B,False,,,,,4.781,114533,23
3.988,134.4357333,1,,2011-04-29,54.2,B,False,,,,,4.781,114533,23
3.988,134.4357333,2,,2011-04-29,54.2,B,False,,,,,4.781,114533,23
3.988,134.4357333,3,,2011-04-29,54.2,B,False,,,,,4.781,114533,23
3.988,134.4357333,4,,2011-04-29,54.2,B,False,,,,,4.781,114533,23
3.988,134.4357333,5,,2011-04-29,54.2,B,False,,,,,4.781,114533,23
3.988,134.4357333,6,,2011-04-29,54.2,B,False,,,,,4.781,114533,23
3.988,134.4357333,7,,2011-04-29,54.2,B,False,,,,,4.781,114533,23
3.988,134.4357333,8,,2011-04-29,54.2,B,False,,,,,4.781,114533,23
3.988,134.4357333,9,,2011-04-29,54.2,B,False,,,,,4.781,114533,23
3.988,134.4357333,10,,2011-04-29,54.2,B,False,,,,,4.781,114533,23
3.988,134.4357333,11,,2011-04-29,54.2,B,False,,,,,4.781,114533,23
3.988,134.4357333,12,,2011-04-29,54.2,B,False,,,,,4.781,114533,23
3.988,134.4357333,13,,2011-04-29,54.2,B,False,,,,,4.781,114533,23
3.988,134.4357333,14,,2011-04-29,54.2,B,False,,,,,4.781,114533,23
3.988,134.4357333,16,,2011-04-29,54.2,B,False,,,,,4.781,114533,23
3.988,134.4357333,17,,2011-04-29,54.2,B,False,,,,,4.781,114533,23
3.988,134.4357333,18,,2011-04-29,54.2,B,False,,,,,4.781,114533,23
3.988,134.4357333,19,,2011-04-29,54.2,B,False,,,,,4.781,114533,23
3.988,134.4357333,20,,2011-04-29,54.2,B,False,,,,,4.781,114533,23
3.988,134.4357333,21,,2011-04-29,54.2,B,False,,,,,4.781,114533,23
3.988,134.4357333,22,,2011-04-29,54.2,B,False,,,,,4.781,114533,23
3.988,134.4357333,23,,2011-04-29,54.2,B,False,,,,,4.781,114533,23
3.988,134.4357333,24,,2011-04-29,54.2,B,False,,,,,4.781,114533,23
3.988,134.4357333,25,,2011-04-29,54.2,B,False,,,,,4.781,114533,23
3.988,134.4357333,26,,2011-04-29,54.2,B,False,,,,,4.781,114533,23
3.988,134.4357333,27,,2011-04-29,54.2,B,False,,,,,4.781,114533,23
3.988,134.4357333,28,,2011-04-29,54.2,B,False,,,,,4.781,114533,23
3.988,134.4357333,29,,2011-04-29,54.2,B,False,,,,,4.781,114533,23
3.988,134.4357333,30,,2011-04-29,54.2,B,False,,,,,4.781,114533,23
3.988,134.4357333,31,,2011-04-29,54.2,B,False,,,,,4.781,114533,23
3.988,134.4357333,32,,2011-04-29,54.2,B,False,,,,,4.781,114533,23
3.988,134.4357333,33,,2011-04-29,54.2,B,False,,,,,4.781,114533,23
3.988,134.4357333,34,,2011-04-29,54.2,B,False,,,,,4.781,114533,23
3.988,134.4357333,35,,2011-04-29,54.2,B,False,,,,,4.781,114533,23
3.988,134.4357333,36,,2011-04-29,54.2,B,False,,,,,4.781,114533,23
3.988,134.4357333,38,,2011-04-29,54.2,B,False,,,,,4.781,114533,23
3.988,134.4357333,40,,2011-04-29,54.2,B,False,,,,,4.781,114533,23
3.988,134.4357333,41,,2011-04-29,54.2,B,False,,,,,4.781,114533,23
3.988,134.4357333,42,,2011-04-29,54.2,B,False,,,,,4.781,114533,23
3.988,134.4357333,44,,2011-04-29,54.2,B,False,,,,,4.781,114533,23
3.988,134.4357333,45,,2011-04-29,54.2,B,False,,,,,4.781,114533,23
3.988,134.4357333,46,,2011-04-29,54.2,B,False,,,,,4.781,114533,23
3.988,134.4357333,49,,2011-04-29,54.2,B,False,,,,,4.781,114533,23
3.988,134.4357333,50,,2011-04-29,54.2,B,False,,,,,4.781,114533,23
3.988,134.4357333,51,,2011-04-29,54.2,B,False,,,,,4.781,114533,23
3.988,134.4357333,52,,2011-04-29,54.2,B,False,,,,,4.781,114533,23
3.988,134.4357333,54,,2011-04-29,54.2,B,False,,,,,4.781,114533,23
3.988,134.4357333,55,,2011-04-29,54.2,B,False,,,,,4.781,114533,23
3.988,134.4357333,56,,2011-04-29,54.2,B,False,,,,,4.781,114533,23
3.988,134.4357333,58,,2011-04-29,54.2,B,False,,,,,4.781,114533,23
3.988,134.4357333,59,,2011-04-29,54.2,B,False,,,,,4.781,114533,23
3.988,134.4357333,60,,2011-04-29,54.2,B,False,,,,,4.781,114533,23
3.988,134.4357333,67,,2011-04-29,54.2,B,False,,,,,4.781,114533,23
3.988,134.4357333,71,,2011-04-29,54.2,B,False,,,,,4.781,114533,23
3.988,134.4357333,72,,2011-04-29,54.2,B,False,,,,,4.781,114533,23
3.988,134.4357333,74,,2011-04-29,54.2,B,False,,,,,4.781,114533,23
3.988,134.4357333,79,,2011-04-29,54.2,B,False,,,,,4.781,114533,23
3.988,134.4357333,80,,2011-04-29,54.2,B,False,,,,,4.781,114533,23
3.988,134.4357333,81,,2011-04-29,54.2,B,False,,,,,4.781,114533,23
3.988,134.4357333,82,,2011-04-29,54.2,B,False,,,,,4.781,114533,23
3.988,134.4357333,83,,2011-04-29,54.2,B,False,,,,,4.781,114533,23
3.988,134.4357333,85,,2011-04-29,54.2,B,False,,,,,4.781,114533,23
3.988,134.4357333,87,,2011-04-29,54.2,B,False,,,,,4.781,114533,23
3.988,134.4357333,90,,2011-04-29,54.2,B,False,,,,,4.781,114533,23
3.988,134.4357333,91,,2011-04-29,54.2,B,False,,,,,4.781,114533,23
3.988,134.4357333,92,,2011-04-29,54.2,B,False,,,,,4.781,114533,23
3.988,134.4357333,93,,2011-04-29,54.2,B,False,,,,,4.781,114533,23
3.988,134.4357333,95,,2011-04-29,54.2,B,False,,,,,4.781,114533,23
3.988,134.4357333,96,,2011-04-29,54.2,B,False,,,,,4.781,114533,23
3.988,134.4357333,97,,2011-04-29,54.2,B,False,,,,,4.781,114533,23
4.078,134.5143667,1,,2011-05-06,50.07,B,False,,,,,4.781,114533,23
4.078,134.5143667,2,,2011-05-06,50.07,B,False,,,,,4.781,114533,23
4.078,134.5143667,3,,2011-05-06,50.07,B,False,,,,,4.781,114533,23
4.078,134.5143667,4,,2011-05-06,50.07,B,False,,,,,4.781,114533,23
4.078,134.5143667,5,,2011-05-06,50.07,B,False,,,,,4.781,114533,23
4.078,134.5143667,6,,2011-05-06,50.07,B,False,,,,,4.781,114533,23
4.078,134.5143667,7,,2011-05-06,50.07,B,False,,,,,4.781,114533,23
4.078,134.5143667,8,,2011-05-06,50.07,B,False,,,,,4.781,114533,23
4.078,134.5143667,9,,2011-05-06,50.07,B,False,,,,,4.781,114533,23
4.078,134.5143667,10,,2011-05-06,50.07,B,False,,,,,4.781,114533,23
4.078,134.5143667,11,,2011-05-06,50.07,B,False,,,,,4.781,114533,23
4.078,134.5143667,12,,2011-05-06,50.07,B,False,,,,,4.781,114533,23
4.078,134.5143667,13,,2011-05-06,50.07,B,False,,,,,4.781,114533,23
4.078,134.5143667,14,,2011-05-06,50.07,B,False,,,,,4.781,114533,23
4.078,134.5143667,16,,2011-05-06,50.07,B,False,,,,,4.781,114533,23
4.078,134.5143667,17,,2011-05-06,50.07,B,False,,,,,4.781,114533,23
4.078,134.5143667,18,,2011-05-06,50.07,B,False,,,,,4.781,114533,23
4.078,134.5143667,19,,2011-05-06,50.07,B,False,,,,,4.781,114533,23
4.078,134.5143667,20,,2011-05-06,50.07,B,False,,,,,4.781,114533,23
4.078,134.5143667,21,,2011-05-06,50.07,B,False,,,,,4.781,114533,23
4.078,134.5143667,22,,2011-05-06,50.07,B,False,,,,,4.781,114533,23
4.078,134.5143667,23,,2011-05-06,50.07,B,False,,,,,4.781,114533,23
4.078,134.5143667,24,,2011-05-06,50.07,B,False,,,,,4.781,114533,23
4.078,134.5143667,25,,2011-05-06,50.07,B,False,,,,,4.781,114533,23
4.078,134.5143667,26,,2011-05-06,50.07,B,False,,,,,4.781,114533,23
4.078,134.5143667,27,,2011-05-06,50.07,B,False,,,,,4.781,114533,23
4.078,134.5143667,28,,2011-05-06,50.07,B,False,,,,,4.781,114533,23
4.078,134.5143667,29,,2011-05-06,50.07,B,False,,,,,4.781,114533,23
4.078,134.5143667,30,,2011-05-06,50.07,B,False,,,,,4.781,114533,23
4.078,134.5143667,31,,2011-05-06,50.07,B,False,,,,,4.781,114533,23
4.078,134.5143667,32,,2011-05-06,50.07,B,False,,,,,4.781,114533,23
4.078,134.5143667,33,,2011-05-06,50.07,B,False,,,,,4.781,114533,23
4.078,134.5143667,34,,2011-05-06,50.07,B,False,,,,,4.781,114533,23
4.078,134.5143667,35,,2011-05-06,50.07,B,False,,,,,4.781,114533,23
4.078,134.5143667,36,,2011-05-06,50.07,B,False,,,,,4.781,114533,23
4.078,134.5143667,38,,2011-05-06,50.07,B,False,,,,,4.781,114533,23
4.078,134.5143667,40,,2011-05-06,50.07,B,False,,,,,4.781,114533,23
4.078,134.5143667,41,,2011-05-06,50.07,B,False,,,,,4.781,114533,23
4.078,134.5143667,42,,2011-05-06,50.07,B,False,,,,,4.781,114533,23
4.078,134.5143667,44,,2011-05-06,50.07,B,False,,,,,4.781,114533,23
4.078,134.5143667,45,,2011-05-06,50.07,B,False,,,,,4.781,114533,23
4.078,134.5143667,46,,2011-05-06,50.07,B,False,,,,,4.781,114533,23
4.078,134.5143667,49,,2011-05-06,50.07,B,False,,,,,4.781,114533,23
4.078,134.5143667,50,,2011-05-06,50.07,B,False,,,,,4.781,114533,23
4.078,134.5143667,51,,2011-05-06,50.07,B,False,,,,,4.781,114533,23
4.078,134.5143667,52,,2011-05-06,50.07,B,False,,,,,4.781,114533,23
4.078,134.5143667,54,,2011-05-06,50.07,B,False,,,,,4.781,114533,23
4.078,134.5143667,55,,2011-05-06,50.07,B,False,,,,,4.781,114533,23
4.078,134.5143667,56,,2011-05-06,50.07,B,False,,,,,4.781,114533,23
4.078,134.5143667,58,,2011-05-06,50.07,B,False,,,,,4.781,114533,23
4.078,134.5143667,59,,2011-05-06,50.07,B,False,,,,,4.781,114533,23
4.078,134.5143667,60,,2011-05-06,50.07,B,False,,,,,4.781,114533,23
4.078,134.5143667,67,,2011-05-06,50.07,B,False,,,,,4.781,114533,23
4.078,134.5143667,71,,2011-05-06,50.07,B,False,,,,,4.781,114533,23
4.078,134.5143667,72,,2011-05-06,50.07,B,False,,,,,4.781,114533,23
4.078,134.5143667,74,,2011-05-06,50.07,B,False,,,,,4.781,114533,23
4.078,134.5143667,79,,2011-05-06,50.07,B,False,,,,,4.781,114533,23
4.078,134.5143667,80,,2011-05-06,50.07,B,False,,,,,4.781,114533,23
4.078,134.5143667,81,,2011-05-06,50.07,B,False,,,,,4.781,114533,23
4.078,134.5143667,82,,2011-05-06,50.07,B,False,,,,,4.781,114533,23
4.078,134.5143667,83,,2011-05-06,50.07,B,False,,,,,4.781,114533,23
4.078,134.5143667,85,,2011-05-06,50.07,B,False,,,,,4.781,114533,23
4.078,134.5143667,87,,2011-05-06,50.07,B,False,,,,,4.781,114533,23
4.078,134.5143667,90,,2011-05-06,50.07,B,False,,,,,4.781,114533,23
4.078,134.5143667,91,,2011-05-06,50.07,B,False,,,,,4.781,114533,23
4.078,134.5143667,92,,2011-05-06,50.07,B,False,,,,,4.781,114533,23
4.078,134.5143667,93,,2011-05-06,50.07,B,False,,,,,4.781,114533,23
4.078,134.5143667,94,,2011-05-06,50.07,B,False,,,,,4.781,114533,23
4.078,134.5143667,95,,2011-05-06,50.07,B,False,,,,,4.781,114533,23
4.078,134.5143667,96,,2011-05-06,50.07,B,False,,,,,4.781,114533,23
4.078,134.5143667,97,,2011-05-06,50.07,B,False,,,,,4.781,114533,23
4.078,134.5143667,98,,2011-05-06,50.07,B,False,,,,,4.781,114533,23
4.095,134.593,1,,2011-05-13,55.12,B,False,,,,,4.781,114533,23
4.095,134.593,2,,2011-05-13,55.12,B,False,,,,,4.781,114533,23
4.095,134.593,3,,2011-05-13,55.12,B,False,,,,,4.781,114533,23
4.095,134.593,4,,2011-05-13,55.12,B,False,,,,,4.781,114533,23
4.095,134.593,5,,2011-05-13,55.12,B,False,,,,,4.781,114533,23
4.095,134.593,6,,2011-05-13,55.12,B,False,,,,,4.781,114533,23
4.095,134.593,7,,2011-05-13,55.12,B,False,,,,,4.781,114533,23
4.095,134.593,8,,2011-05-13,55.12,B,False,,,,,4.781,114533,23
4.095,134.593,9,,2011-05-13,55.12,B,False,,,,,4.781,114533,23
4.095,134.593,10,,2011-05-13,55.12,B,False,,,,,4.781,114533,23
4.095,134.593,11,,2011-05-13,55.12,B,False,,,,,4.781,114533,23
4.095,134.593,12,,2011-05-13,55.12,B,False,,,,,4.781,114533,23
4.095,134.593,13,,2011-05-13,55.12,B,False,,,,,4.781,114533,23
4.095,134.593,14,,2011-05-13,55.12,B,False,,,,,4.781,114533,23
4.095,134.593,16,,2011-05-13,55.12,B,False,,,,,4.781,114533,23
4.095,134.593,17,,2011-05-13,55.12,B,False,,,,,4.781,114533,23
4.095,134.593,18,,2011-05-13,55.12,B,False,,,,,4.781,114533,23
4.095,134.593,19,,2011-05-13,55.12,B,False,,,,,4.781,114533,23
4.095,134.593,20,,2011-05-13,55.12,B,False,,,,,4.781,114533,23
4.095,134.593,21,,2011-05-13,55.12,B,False,,,,,4.781,114533,23
4.095,134.593,22,,2011-05-13,55.12,B,False,,,,,4.781,114533,23
4.095,134.593,23,,2011-05-13,55.12,B,False,,,,,4.781,114533,23
4.095,134.593,24,,2011-05-13,55.12,B,False,,,,,4.781,114533,23
4.095,134.593,25,,2011-05-13,55.12,B,False,,,,,4.781,114533,23
4.095,134.593,26,,2011-05-13,55.12,B,False,,,,,4.781,114533,23
4.095,134.593,27,,2011-05-13,55.12,B,False,,,,,4.781,114533,23
4.095,134.593,28,,2011-05-13,55.12,B,False,,,,,4.781,114533,23
4.095,134.593,29,,2011-05-13,55.12,B,False,,,,,4.781,114533,23
4.095,134.593,30,,2011-05-13,55.12,B,False,,,,,4.781,114533,23
4.095,134.593,31,,2011-05-13,55.12,B,False,,,,,4.781,114533,23
4.095,134.593,32,,2011-05-13,55.12,B,False,,,,,4.781,114533,23
4.095,134.593,33,,2011-05-13,55.12,B,False,,,,,4.781,114533,23
4.095,134.593,34,,2011-05-13,55.12,B,False,,,,,4.781,114533,23
4.095,134.593,35,,2011-05-13,55.12,B,False,,,,,4.781,114533,23
4.095,134.593,36,,2011-05-13,55.12,B,False,,,,,4.781,114533,23
4.095,134.593,38,,2011-05-13,55.12,B,False,,,,,4.781,114533,23
4.095,134.593,40,,2011-05-13,55.12,B,False,,,,,4.781,114533,23
4.095,134.593,41,,2011-05-13,55.12,B,False,,,,,4.781,114533,23
4.095,134.593,42,,2011-05-13,55.12,B,False,,,,,4.781,114533,23
4.095,134.593,44,,2011-05-13,55.12,B,False,,,,,4.781,114533,23
4.095,134.593,45,,2011-05-13,55.12,B,False,,,,,4.781,114533,23
4.095,134.593,46,,2011-05-13,55.12,B,False,,,,,4.781,114533,23
4.095,134.593,47,,2011-05-13,55.12,B,False,,,,,4.781,114533,23
4.095,134.593,49,,2011-05-13,55.12,B,False,,,,,4.781,114533,23
4.095,134.593,50,,2011-05-13,55.12,B,False,,,,,4.781,114533,23
4.095,134.593,51,,2011-05-13,55.12,B,False,,,,,4.781,114533,23
4.095,134.593,52,,2011-05-13,55.12,B,False,,,,,4.781,114533,23
4.095,134.593,54,,2011-05-13,55.12,B,False,,,,,4.781,114533,23
4.095,134.593,55,,2011-05-13,55.12,B,False,,,,,4.781,114533,23
4.095,134.593,56,,2011-05-13,55.12,B,False,,,,,4.781,114533,23
4.095,134.593,58,,2011-05-13,55.12,B,False,,,,,4.781,114533,23
4.095,134.593,59,,2011-05-13,55.12,B,False,,,,,4.781,114533,23
4.095,134.593,60,,2011-05-13,55.12,B,False,,,,,4.781,114533,23
4.095,134.593,67,,2011-05-13,55.12,B,False,,,,,4.781,114533,23
4.095,134.593,71,,2011-05-13,55.12,B,False,,,,,4.781,114533,23
4.095,134.593,72,,2011-05-13,55.12,B,False,,,,,4.781,114533,23
4.095,134.593,74,,2011-05-13,55.12,B,False,,,,,4.781,114533,23
4.095,134.593,79,,2011-05-13,55.12,B,False,,,,,4.781,114533,23
4.095,134.593,80,,2011-05-13,55.12,B,False,,,,,4.781,114533,23
4.095,134.593,81,,2011-05-13,55.12,B,False,,,,,4.781,114533,23
4.095,134.593,82,,2011-05-13,55.12,B,False,,,,,4.781,114533,23
4.095,134.593,83,,2011-05-13,55.12,B,False,,,,,4.781,114533,23
4.095,134.593,85,,2011-05-13,55.12,B,False,,,,,4.781,114533,23
4.095,134.593,87,,2011-05-13,55.12,B,False,,,,,4.781,114533,23
4.095,134.593,90,,2011-05-13,55.12,B,False,,,,,4.781,114533,23
4.095,134.593,91,,2011-05-13,55.12,B,False,,,,,4.781,114533,23
4.095,134.593,92,,2011-05-13,55.12,B,False,,,,,4.781,114533,23
4.095,134.593,93,,2011-05-13,55.12,B,False,,,,,4.781,114533,23
4.095,134.593,94,,2011-05-13,55.12,B,False,,,,,4.781,114533,23
4.095,134.593,95,,2011-05-13,55.12,B,False,,,,,4.781,114533,23
4.095,134.593,96,,2011-05-13,55.12,B,False,,,,,4.781,114533,23
4.095,134.593,97,,2011-05-13,55.12,B,False,,,,,4.781,114533,23
4.095,134.593,98,,2011-05-13,55.12,B,False,,,,,4.781,114533,23
4.101,134.6803871,1,,2011-05-20,56.67,B,False,,,,,4.781,114533,23
4.101,134.6803871,2,,2011-05-20,56.67,B,False,,,,,4.781,114533,23
4.101,134.6803871,3,,2011-05-20,56.67,B,False,,,,,4.781,114533,23
4.101,134.6803871,4,,2011-05-20,56.67,B,False,,,,,4.781,114533,23
4.101,134.6803871,5,,2011-05-20,56.67,B,False,,,,,4.781,114533,23
4.101,134.6803871,6,,2011-05-20,56.67,B,False,,,,,4.781,114533,23
4.101,134.6803871,7,,2011-05-20,56.67,B,False,,,,,4.781,114533,23
4.101,134.6803871,8,,2011-05-20,56.67,B,False,,,,,4.781,114533,23
4.101,134.6803871,9,,2011-05-20,56.67,B,False,,,,,4.781,114533,23
4.101,134.6803871,10,,2011-05-20,56.67,B,False,,,,,4.781,114533,23
4.101,134.6803871,11,,2011-05-20,56.67,B,False,,,,,4.781,114533,23
4.101,134.6803871,12,,2011-05-20,56.67,B,False,,,,,4.781,114533,23
4.101,134.6803871,13,,2011-05-20,56.67,B,False,,,,,4.781,114533,23
4.101,134.6803871,14,,2011-05-20,56.67,B,False,,,,,4.781,114533,23
4.101,134.6803871,16,,2011-05-20,56.67,B,False,,,,,4.781,114533,23
4.101,134.6803871,17,,2011-05-20,56.67,B,False,,,,,4.781,114533,23
4.101,134.6803871,18,,2011-05-20,56.67,B,False,,,,,4.781,114533,23
4.101,134.6803871,19,,2011-05-20,56.67,B,False,,,,,4.781,114533,23
4.101,134.6803871,20,,2011-05-20,56.67,B,False,,,,,4.781,114533,23
4.101,134.6803871,21,,2011-05-20,56.67,B,False,,,,,4.781,114533,23
4.101,134.6803871,22,,2011-05-20,56.67,B,False,,,,,4.781,114533,23
4.101,134.6803871,23,,2011-05-20,56.67,B,False,,,,,4.781,114533,23
4.101,134.6803871,24,,2011-05-20,56.67,B,False,,,,,4.781,114533,23
4.101,134.6803871,25,,2011-05-20,56.67,B,False,,,,,4.781,114533,23
4.101,134.6803871,26,,2011-05-20,56.67,B,False,,,,,4.781,114533,23
4.101,134.6803871,27,,2011-05-20,56.67,B,False,,,,,4.781,114533,23
4.101,134.6803871,28,,2011-05-20,56.67,B,False,,,,,4.781,114533,23
4.101,134.6803871,29,,2011-05-20,56.67,B,False,,,,,4.781,114533,23
4.101,134.6803871,30,,2011-05-20,56.67,B,False,,,,,4.781,114533,23
4.101,134.6803871,31,,2011-05-20,56.67,B,False,,,,,4.781,114533,23
4.101,134.6803871,32,,2011-05-20,56.67,B,False,,,,,4.781,114533,23
4.101,134.6803871,33,,2011-05-20,56.67,B,False,,,,,4.781,114533,23
4.101,134.6803871,34,,2011-05-20,56.67,B,False,,,,,4.781,114533,23
4.101,134.6803871,35,,2011-05-20,56.67,B,False,,,,,4.781,114533,23
4.101,134.6803871,36,,2011-05-20,56.67,B,False,,,,,4.781,114533,23
4.101,134.6803871,38,,2011-05-20,56.67,B,False,,,,,4.781,114533,23
4.101,134.6803871,40,,2011-05-20,56.67,B,False,,,,,4.781,114533,23
4.101,134.6803871,41,,2011-05-20,56.67,B,False,,,,,4.781,114533,23
4.101,134.6803871,42,,2011-05-20,56.67,B,False,,,,,4.781,114533,23
4.101,134.6803871,44,,2011-05-20,56.67,B,False,,,,,4.781,114533,23
4.101,134.6803871,45,,2011-05-20,56.67,B,False,,,,,4.781,114533,23
4.101,134.6803871,46,,2011-05-20,56.67,B,False,,,,,4.781,114533,23
4.101,134.6803871,49,,2011-05-20,56.67,B,False,,,,,4.781,114533,23
4.101,134.6803871,50,,2011-05-20,56.67,B,False,,,,,4.781,114533,23
4.101,134.6803871,51,,2011-05-20,56.67,B,False,,,,,4.781,114533,23
4.101,134.6803871,52,,2011-05-20,56.67,B,False,,,,,4.781,114533,23
4.101,134.6803871,54,,2011-05-20,56.67,B,False,,,,,4.781,114533,23
4.101,134.6803871,55,,2011-05-20,56.67,B,False,,,,,4.781,114533,23
4.101,134.6803871,56,,2011-05-20,56.67,B,False,,,,,4.781,114533,23
4.101,134.6803871,58,,2011-05-20,56.67,B,False,,,,,4.781,114533,23
4.101,134.6803871,59,,2011-05-20,56.67,B,False,,,,,4.781,114533,23
4.101,134.6803871,60,,2011-05-20,56.67,B,False,,,,,4.781,114533,23
4.101,134.6803871,67,,2011-05-20,56.67,B,False,,,,,4.781,114533,23
4.101,134.6803871,71,,2011-05-20,56.67,B,False,,,,,4.781,114533,23
4.101,134.6803871,72,,2011-05-20,56.67,B,False,,,,,4.781,114533,23
4.101,134.6803871,74,,2011-05-20,56.67,B,False,,,,,4.781,114533,23
4.101,134.6803871,79,,2011-05-20,56.67,B,False,,,,,4.781,114533,23
4.101,134.6803871,80,,2011-05-20,56.67,B,False,,,,,4.781,114533,23
4.101,134.6803871,81,,2011-05-20,56.67,B,False,,,,,4.781,114533,23
4.101,134.6803871,82,,2011-05-20,56.67,B,False,,,,,4.781,114533,23
4.101,134.6803871,83,,2011-05-20,56.67,B,False,,,,,4.781,114533,23
4.101,134.6803871,85,,2011-05-20,56.67,B,False,,,,,4.781,114533,23
4.101,134.6803871,87,,2011-05-20,56.67,B,False,,,,,4.781,114533,23
4.101,134.6803871,90,,2011-05-20,56.67,B,False,,,,,4.781,114533,23
4.101,134.6803871,91,,2011-05-20,56.67,B,False,,,,,4.781,114533,23
4.101,134.6803871,92,,2011-05-20,56.67,B,False,,,,,4.781,114533,23
4.101,134.6803871,93,,2011-05-20,56.67,B,False,,,,,4.781,114533,23
4.101,134.6803871,95,,2011-05-20,56.67,B,False,,,,,4.781,114533,23
4.101,134.6803871,96,,2011-05-20,56.67,B,False,,,,,4.781,114533,23
4.101,134.6803871,97,,2011-05-20,56.67,B,False,,,,,4.781,114533,23
4.034,134.7677742,1,,2011-05-27,63.27,B,False,,,,,4.781,114533,23
4.034,134.7677742,2,,2011-05-27,63.27,B,False,,,,,4.781,114533,23
4.034,134.7677742,3,,2011-05-27,63.27,B,False,,,,,4.781,114533,23
4.034,134.7677742,4,,2011-05-27,63.27,B,False,,,,,4.781,114533,23
4.034,134.7677742,5,,2011-05-27,63.27,B,False,,,,,4.781,114533,23
4.034,134.7677742,6,,2011-05-27,63.27,B,False,,,,,4.781,114533,23
4.034,134.7677742,7,,2011-05-27,63.27,B,False,,,,,4.781,114533,23
4.034,134.7677742,8,,2011-05-27,63.27,B,False,,,,,4.781,114533,23
4.034,134.7677742,9,,2011-05-27,63.27,B,False,,,,,4.781,114533,23
4.034,134.7677742,10,,2011-05-27,63.27,B,False,,,,,4.781,114533,23
4.034,134.7677742,11,,2011-05-27,63.27,B,False,,,,,4.781,114533,23
4.034,134.7677742,12,,2011-05-27,63.27,B,False,,,,,4.781,114533,23
4.034,134.7677742,13,,2011-05-27,63.27,B,False,,,,,4.781,114533,23
4.034,134.7677742,14,,2011-05-27,63.27,B,False,,,,,4.781,114533,23
4.034,134.7677742,16,,2011-05-27,63.27,B,False,,,,,4.781,114533,23
4.034,134.7677742,17,,2011-05-27,63.27,B,False,,,,,4.781,114533,23
4.034,134.7677742,18,,2011-05-27,63.27,B,False,,,,,4.781,114533,23
4.034,134.7677742,19,,2011-05-27,63.27,B,False,,,,,4.781,114533,23
4.034,134.7677742,20,,2011-05-27,63.27,B,False,,,,,4.781,114533,23
4.034,134.7677742,21,,2011-05-27,63.27,B,False,,,,,4.781,114533,23
4.034,134.7677742,22,,2011-05-27,63.27,B,False,,,,,4.781,114533,23
4.034,134.7677742,23,,2011-05-27,63.27,B,False,,,,,4.781,114533,23
4.034,134.7677742,24,,2011-05-27,63.27,B,False,,,,,4.781,114533,23
4.034,134.7677742,25,,2011-05-27,63.27,B,False,,,,,4.781,114533,23
4.034,134.7677742,26,,2011-05-27,63.27,B,False,,,,,4.781,114533,23
4.034,134.7677742,27,,2011-05-27,63.27,B,False,,,,,4.781,114533,23
4.034,134.7677742,28,,2011-05-27,63.27,B,False,,,,,4.781,114533,23
4.034,134.7677742,29,,2011-05-27,63.27,B,False,,,,,4.781,114533,23
4.034,134.7677742,30,,2011-05-27,63.27,B,False,,,,,4.781,114533,23
4.034,134.7677742,31,,2011-05-27,63.27,B,False,,,,,4.781,114533,23
4.034,134.7677742,32,,2011-05-27,63.27,B,False,,,,,4.781,114533,23
4.034,134.7677742,33,,2011-05-27,63.27,B,False,,,,,4.781,114533,23
4.034,134.7677742,34,,2011-05-27,63.27,B,False,,,,,4.781,114533,23
4.034,134.7677742,35,,2011-05-27,63.27,B,False,,,,,4.781,114533,23
4.034,134.7677742,36,,2011-05-27,63.27,B,False,,,,,4.781,114533,23
4.034,134.7677742,38,,2011-05-27,63.27,B,False,,,,,4.781,114533,23
4.034,134.7677742,40,,2011-05-27,63.27,B,False,,,,,4.781,114533,23
4.034,134.7677742,41,,2011-05-27,63.27,B,False,,,,,4.781,114533,23
4.034,134.7677742,42,,2011-05-27,63.27,B,False,,,,,4.781,114533,23
4.034,134.7677742,44,,2011-05-27,63.27,B,False,,,,,4.781,114533,23
4.034,134.7677742,45,,2011-05-27,63.27,B,False,,,,,4.781,114533,23
4.034,134.7677742,46,,2011-05-27,63.27,B,False,,,,,4.781,114533,23
4.034,134.7677742,49,,2011-05-27,63.27,B,False,,,,,4.781,114533,23
4.034,134.7677742,50,,2011-05-27,63.27,B,False,,,,,4.781,114533,23
4.034,134.7677742,51,,2011-05-27,63.27,B,False,,,,,4.781,114533,23
4.034,134.7677742,52,,2011-05-27,63.27,B,False,,,,,4.781,114533,23
4.034,134.7677742,54,,2011-05-27,63.27,B,False,,,,,4.781,114533,23
4.034,134.7677742,55,,2011-05-27,63.27,B,False,,,,,4.781,114533,23
4.034,134.7677742,56,,2011-05-27,63.27,B,False,,,,,4.781,114533,23
4.034,134.7677742,58,,2011-05-27,63.27,B,False,,,,,4.781,114533,23
4.034,134.7677742,59,,2011-05-27,63.27,B,False,,,,,4.781,114533,23
4.034,134.7677742,60,,2011-05-27,63.27,B,False,,,,,4.781,114533,23
4.034,134.7677742,67,,2011-05-27,63.27,B,False,,,,,4.781,114533,23
4.034,134.7677742,71,,2011-05-27,63.27,B,False,,,,,4.781,114533,23
4.034,134.7677742,72,,2011-05-27,63.27,B,False,,,,,4.781,114533,23
4.034,134.7677742,74,,2011-05-27,63.27,B,False,,,,,4.781,114533,23
4.034,134.7677742,79,,2011-05-27,63.27,B,False,,,,,4.781,114533,23
4.034,134.7677742,80,,2011-05-27,63.27,B,False,,,,,4.781,114533,23
4.034,134.7677742,81,,2011-05-27,63.27,B,False,,,,,4.781,114533,23
4.034,134.7677742,82,,2011-05-27,63.27,B,False,,,,,4.781,114533,23
4.034,134.7677742,83,,2011-05-27,63.27,B,False,,,,,4.781,114533,23
4.034,134.7677742,85,,2011-05-27,63.27,B,False,,,,,4.781,114533,23
4.034,134.7677742,87,,2011-05-27,63.27,B,False,,,,,4.781,114533,23
4.034,134.7677742,90,,2011-05-27,63.27,B,False,,,,,4.781,114533,23
4.034,134.7677742,91,,2011-05-27,63.27,B,False,,,,,4.781,114533,23
4.034,134.7677742,92,,2011-05-27,63.27,B,False,,,,,4.781,114533,23
4.034,134.7677742,93,,2011-05-27,63.27,B,False,,,,,4.781,114533,23
4.034,134.7677742,95,,2011-05-27,63.27,B,False,,,,,4.781,114533,23
4.034,134.7677742,96,,2011-05-27,63.27,B,False,,,,,4.781,114533,23
4.034,134.7677742,97,,2011-05-27,63.27,B,False,,,,,4.781,114533,23
4.034,134.7677742,98,,2011-05-27,63.27,B,False,,,,,4.781,114533,23
3.973,134.8551613,1,,2011-06-03,67.21,B,False,,,,,4.781,114533,23
3.973,134.8551613,2,,2011-06-03,67.21,B,False,,,,,4.781,114533,23
3.973,134.8551613,3,,2011-06-03,67.21,B,False,,,,,4.781,114533,23
3.973,134.8551613,4,,2011-06-03,67.21,B,False,,,,,4.781,114533,23
3.973,134.8551613,5,,2011-06-03,67.21,B,False,,,,,4.781,114533,23
3.973,134.8551613,6,,2011-06-03,67.21,B,False,,,,,4.781,114533,23
3.973,134.8551613,7,,2011-06-03,67.21,B,False,,,,,4.781,114533,23
3.973,134.8551613,8,,2011-06-03,67.21,B,False,,,,,4.781,114533,23
3.973,134.8551613,9,,2011-06-03,67.21,B,False,,,,,4.781,114533,23
3.973,134.8551613,10,,2011-06-03,67.21,B,False,,,,,4.781,114533,23
3.973,134.8551613,11,,2011-06-03,67.21,B,False,,,,,4.781,114533,23
3.973,134.8551613,12,,2011-06-03,67.21,B,False,,,,,4.781,114533,23
3.973,134.8551613,13,,2011-06-03,67.21,B,False,,,,,4.781,114533,23
3.973,134.8551613,14,,2011-06-03,67.21,B,False,,,,,4.781,114533,23
3.973,134.8551613,16,,2011-06-03,67.21,B,False,,,,,4.781,114533,23
3.973,134.8551613,17,,2011-06-03,67.21,B,False,,,,,4.781,114533,23
3.973,134.8551613,18,,2011-06-03,67.21,B,False,,,,,4.781,114533,23
3.973,134.8551613,19,,2011-06-03,67.21,B,False,,,,,4.781,114533,23
3.973,134.8551613,20,,2011-06-03,67.21,B,False,,,,,4.781,114533,23
3.973,134.8551613,21,,2011-06-03,67.21,B,False,,,,,4.781,114533,23
3.973,134.8551613,22,,2011-06-03,67.21,B,False,,,,,4.781,114533,23
3.973,134.8551613,23,,2011-06-03,67.21,B,False,,,,,4.781,114533,23
3.973,134.8551613,24,,2011-06-03,67.21,B,False,,,,,4.781,114533,23
3.973,134.8551613,25,,2011-06-03,67.21,B,False,,,,,4.781,114533,23
3.973,134.8551613,26,,2011-06-03,67.21,B,False,,,,,4.781,114533,23
3.973,134.8551613,27,,2011-06-03,67.21,B,False,,,,,4.781,114533,23
3.973,134.8551613,28,,2011-06-03,67.21,B,False,,,,,4.781,114533,23
3.973,134.8551613,29,,2011-06-03,67.21,B,False,,,,,4.781,114533,23
3.973,134.8551613,30,,2011-06-03,67.21,B,False,,,,,4.781,114533,23
3.973,134.8551613,31,,2011-06-03,67.21,B,False,,,,,4.781,114533,23
3.973,134.8551613,32,,2011-06-03,67.21,B,False,,,,,4.781,114533,23
3.973,134.8551613,33,,2011-06-03,67.21,B,False,,,,,4.781,114533,23
3.973,134.8551613,34,,2011-06-03,67.21,B,False,,,,,4.781,114533,23
3.973,134.8551613,35,,2011-06-03,67.21,B,False,,,,,4.781,114533,23
3.973,134.8551613,36,,2011-06-03,67.21,B,False,,,,,4.781,114533,23
3.973,134.8551613,38,,2011-06-03,67.21,B,False,,,,,4.781,114533,23
3.973,134.8551613,40,,2011-06-03,67.21,B,False,,,,,4.781,114533,23
3.973,134.8551613,41,,2011-06-03,67.21,B,False,,,,,4.781,114533,23
3.973,134.8551613,42,,2011-06-03,67.21,B,False,,,,,4.781,114533,23
3.973,134.8551613,44,,2011-06-03,67.21,B,False,,,,,4.781,114533,23
3.973,134.8551613,45,,2011-06-03,67.21,B,False,,,,,4.781,114533,23
3.973,134.8551613,46,,2011-06-03,67.21,B,False,,,,,4.781,114533,23
3.973,134.8551613,49,,2011-06-03,67.21,B,False,,,,,4.781,114533,23
3.973,134.8551613,50,,2011-06-03,67.21,B,False,,,,,4.781,114533,23
3.973,134.8551613,51,,2011-06-03,67.21,B,False,,,,,4.781,114533,23
3.973,134.8551613,52,,2011-06-03,67.21,B,False,,,,,4.781,114533,23
3.973,134.8551613,54,,2011-06-03,67.21,B,False,,,,,4.781,114533,23
3.973,134.8551613,55,,2011-06-03,67.21,B,False,,,,,4.781,114533,23
3.973,134.8551613,56,,2011-06-03,67.21,B,False,,,,,4.781,114533,23
3.973,134.8551613,58,,2011-06-03,67.21,B,False,,,,,4.781,114533,23
3.973,134.8551613,59,,2011-06-03,67.21,B,False,,,,,4.781,114533,23
3.973,134.8551613,60,,2011-06-03,67.21,B,False,,,,,4.781,114533,23
3.973,134.8551613,67,,2011-06-03,67.21,B,False,,,,,4.781,114533,23
3.973,134.8551613,71,,2011-06-03,67.21,B,False,,,,,4.781,114533,23
3.973,134.8551613,72,,2011-06-03,67.21,B,False,,,,,4.781,114533,23
3.973,134.8551613,74,,2011-06-03,67.21,B,False,,,,,4.781,114533,23
3.973,134.8551613,79,,2011-06-03,67.21,B,False,,,,,4.781,114533,23
3.973,134.8551613,80,,2011-06-03,67.21,B,False,,,,,4.781,114533,23
3.973,134.8551613,81,,2011-06-03,67.21,B,False,,,,,4.781,114533,23
3.973,134.8551613,82,,2011-06-03,67.21,B,False,,,,,4.781,114533,23
3.973,134.8551613,83,,2011-06-03,67.21,B,False,,,,,4.781,114533,23
3.973,134.8551613,85,,2011-06-03,67.21,B,False,,,,,4.781,114533,23
3.973,134.8551613,87,,2011-06-03,67.21,B,False,,,,,4.781,114533,23
3.973,134.8551613,90,,2011-06-03,67.21,B,False,,,,,4.781,114533,23
3.973,134.8551613,91,,2011-06-03,67.21,B,False,,,,,4.781,114533,23
3.973,134.8551613,92,,2011-06-03,67.21,B,False,,,,,4.781,114533,23
3.973,134.8551613,93,,2011-06-03,67.21,B,False,,,,,4.781,114533,23
3.973,134.8551613,95,,2011-06-03,67.21,B,False,,,,,4.781,114533,23
3.973,134.8551613,96,,2011-06-03,67.21,B,False,,,,,4.781,114533,23
3.973,134.8551613,97,,2011-06-03,67.21,B,False,,,,,4.781,114533,23
3.924,134.9425484,1,,2011-06-10,65.23,B,False,,,,,4.781,114533,23
3.924,134.9425484,2,,2011-06-10,65.23,B,False,,,,,4.781,114533,23
3.924,134.9425484,3,,2011-06-10,65.23,B,False,,,,,4.781,114533,23
3.924,134.9425484,4,,2011-06-10,65.23,B,False,,,,,4.781,114533,23
3.924,134.9425484,5,,2011-06-10,65.23,B,False,,,,,4.781,114533,23
3.924,134.9425484,6,,2011-06-10,65.23,B,False,,,,,4.781,114533,23
3.924,134.9425484,7,,2011-06-10,65.23,B,False,,,,,4.781,114533,23
3.924,134.9425484,8,,2011-06-10,65.23,B,False,,,,,4.781,114533,23
3.924,134.9425484,9,,2011-06-10,65.23,B,False,,,,,4.781,114533,23
3.924,134.9425484,10,,2011-06-10,65.23,B,False,,,,,4.781,114533,23
3.924,134.9425484,11,,2011-06-10,65.23,B,False,,,,,4.781,114533,23
3.924,134.9425484,12,,2011-06-10,65.23,B,False,,,,,4.781,114533,23
3.924,134.9425484,13,,2011-06-10,65.23,B,False,,,,,4.781,114533,23
3.924,134.9425484,14,,2011-06-10,65.23,B,False,,,,,4.781,114533,23
3.924,134.9425484,16,,2011-06-10,65.23,B,False,,,,,4.781,114533,23
3.924,134.9425484,17,,2011-06-10,65.23,B,False,,,,,4.781,114533,23
3.924,134.9425484,19,,2011-06-10,65.23,B,False,,,,,4.781,114533,23
3.924,134.9425484,20,,2011-06-10,65.23,B,False,,,,,4.781,114533,23
3.924,134.9425484,21,,2011-06-10,65.23,B,False,,,,,4.781,114533,23
3.924,134.9425484,22,,2011-06-10,65.23,B,False,,,,,4.781,114533,23
3.924,134.9425484,23,,2011-06-10,65.23,B,False,,,,,4.781,114533,23
3.924,134.9425484,24,,2011-06-10,65.23,B,False,,,,,4.781,114533,23
3.924,134.9425484,25,,2011-06-10,65.23,B,False,,,,,4.781,114533,23
3.924,134.9425484,26,,2011-06-10,65.23,B,False,,,,,4.781,114533,23
3.924,134.9425484,27,,2011-06-10,65.23,B,False,,,,,4.781,114533,23
3.924,134.9425484,28,,2011-06-10,65.23,B,False,,,,,4.781,114533,23
3.924,134.9425484,29,,2011-06-10,65.23,B,False,,,,,4.781,114533,23
3.924,134.9425484,30,,2011-06-10,65.23,B,False,,,,,4.781,114533,23
3.924,134.9425484,31,,2011-06-10,65.23,B,False,,,,,4.781,114533,23
3.924,134.9425484,32,,2011-06-10,65.23,B,False,,,,,4.781,114533,23
3.924,134.9425484,33,,2011-06-10,65.23,B,False,,,,,4.781,114533,23
3.924,134.9425484,34,,2011-06-10,65.23,B,False,,,,,4.781,114533,23
3.924,134.9425484,35,,2011-06-10,65.23,B,False,,,,,4.781,114533,23
3.924,134.9425484,36,,2011-06-10,65.23,B,False,,,,,4.781,114533,23
3.924,134.9425484,38,,2011-06-10,65.23,B,False,,,,,4.781,114533,23
3.924,134.9425484,40,,2011-06-10,65.23,B,False,,,,,4.781,114533,23
3.924,134.9425484,41,,2011-06-10,65.23,B,False,,,,,4.781,114533,23
3.924,134.9425484,42,,2011-06-10,65.23,B,False,,,,,4.781,114533,23
3.924,134.9425484,44,,2011-06-10,65.23,B,False,,,,,4.781,114533,23
3.924,134.9425484,45,,2011-06-10,65.23,B,False,,,,,4.781,114533,23
3.924,134.9425484,46,,2011-06-10,65.23,B,False,,,,,4.781,114533,23
3.924,134.9425484,49,,2011-06-10,65.23,B,False,,,,,4.781,114533,23
3.924,134.9425484,50,,2011-06-10,65.23,B,False,,,,,4.781,114533,23
3.924,134.9425484,51,,2011-06-10,65.23,B,False,,,,,4.781,114533,23
3.924,134.9425484,52,,2011-06-10,65.23,B,False,,,,,4.781,114533,23
3.924,134.9425484,54,,2011-06-10,65.23,B,False,,,,,4.781,114533,23
3.924,134.9425484,55,,2011-06-10,65.23,B,False,,,,,4.781,114533,23
3.924,134.9425484,56,,2011-06-10,65.23,B,False,,,,,4.781,114533,23
3.924,134.9425484,58,,2011-06-10,65.23,B,False,,,,,4.781,114533,23
3.924,134.9425484,59,,2011-06-10,65.23,B,False,,,,,4.781,114533,23
3.924,134.9425484,60,,2011-06-10,65.23,B,False,,,,,4.781,114533,23
3.924,134.9425484,67,,2011-06-10,65.23,B,False,,,,,4.781,114533,23
3.924,134.9425484,71,,2011-06-10,65.23,B,False,,,,,4.781,114533,23
3.924,134.9425484,72,,2011-06-10,65.23,B,False,,,,,4.781,114533,23
3.924,134.9425484,74,,2011-06-10,65.23,B,False,,,,,4.781,114533,23
3.924,134.9425484,79,,2011-06-10,65.23,B,False,,,,,4.781,114533,23
3.924,134.9425484,80,,2011-06-10,65.23,B,False,,,,,4.781,114533,23
3.924,134.9425484,81,,2011-06-10,65.23,B,False,,,,,4.781,114533,23
3.924,134.9425484,82,,2011-06-10,65.23,B,False,,,,,4.781,114533,23
3.924,134.9425484,83,,2011-06-10,65.23,B,False,,,,,4.781,114533,23
3.924,134.9425484,85,,2011-06-10,65.23,B,False,,,,,4.781,114533,23
3.924,134.9425484,87,,2011-06-10,65.23,B,False,,,,,4.781,114533,23
3.924,134.9425484,90,,2011-06-10,65.23,B,False,,,,,4.781,114533,23
3.924,134.9425484,91,,2011-06-10,65.23,B,False,,,,,4.781,114533,23
3.924,134.9425484,92,,2011-06-10,65.23,B,False,,,,,4.781,114533,23
3.924,134.9425484,93,,2011-06-10,65.23,B,False,,,,,4.781,114533,23
3.924,134.9425484,95,,2011-06-10,65.23,B,False,,,,,4.781,114533,23
3.924,134.9425484,96,,2011-06-10,65.23,B,False,,,,,4.781,114533,23
3.924,134.9425484,97,,2011-06-10,65.23,B,False,,,,,4.781,114533,23
3.924,134.9425484,98,,2011-06-10,65.23,B,False,,,,,4.781,114533,23
3.873,135.0837333,1,,2011-06-17,61.06,B,False,,,,,4.781,114533,23
3.873,135.0837333,2,,2011-06-17,61.06,B,False,,,,,4.781,114533,23
3.873,135.0837333,3,,2011-06-17,61.06,B,False,,,,,4.781,114533,23
3.873,135.0837333,4,,2011-06-17,61.06,B,False,,,,,4.781,114533,23
3.873,135.0837333,5,,2011-06-17,61.06,B,False,,,,,4.781,114533,23
3.873,135.0837333,6,,2011-06-17,61.06,B,False,,,,,4.781,114533,23
3.873,135.0837333,7,,2011-06-17,61.06,B,False,,,,,4.781,114533,23
3.873,135.0837333,8,,2011-06-17,61.06,B,False,,,,,4.781,114533,23
3.873,135.0837333,9,,2011-06-17,61.06,B,False,,,,,4.781,114533,23
3.873,135.0837333,10,,2011-06-17,61.06,B,False,,,,,4.781,114533,23
3.873,135.0837333,11,,2011-06-17,61.06,B,False,,,,,4.781,114533,23
3.873,135.0837333,12,,2011-06-17,61.06,B,False,,,,,4.781,114533,23
3.873,135.0837333,13,,2011-06-17,61.06,B,False,,,,,4.781,114533,23
3.873,135.0837333,14,,2011-06-17,61.06,B,False,,,,,4.781,114533,23
3.873,135.0837333,16,,2011-06-17,61.06,B,False,,,,,4.781,114533,23
3.873,135.0837333,17,,2011-06-17,61.06,B,False,,,,,4.781,114533,23
3.873,135.0837333,18,,2011-06-17,61.06,B,False,,,,,4.781,114533,23
3.873,135.0837333,19,,2011-06-17,61.06,B,False,,,,,4.781,114533,23
3.873,135.0837333,20,,2011-06-17,61.06,B,False,,,,,4.781,114533,23
3.873,135.0837333,21,,2011-06-17,61.06,B,False,,,,,4.781,114533,23
3.873,135.0837333,22,,2011-06-17,61.06,B,False,,,,,4.781,114533,23
3.873,135.0837333,23,,2011-06-17,61.06,B,False,,,,,4.781,114533,23
3.873,135.0837333,24,,2011-06-17,61.06,B,False,,,,,4.781,114533,23
3.873,135.0837333,25,,2011-06-17,61.06,B,False,,,,,4.781,114533,23
3.873,135.0837333,26,,2011-06-17,61.06,B,False,,,,,4.781,114533,23
3.873,135.0837333,27,,2011-06-17,61.06,B,False,,,,,4.781,114533,23
3.873,135.0837333,28,,2011-06-17,61.06,B,False,,,,,4.781,114533,23
3.873,135.0837333,29,,2011-06-17,61.06,B,False,,,,,4.781,114533,23
3.873,135.0837333,30,,2011-06-17,61.06,B,False,,,,,4.781,114533,23
3.873,135.0837333,31,,2011-06-17,61.06,B,False,,,,,4.781,114533,23
3.873,135.0837333,32,,2011-06-17,61.06,B,False,,,,,4.781,114533,23
3.873,135.0837333,33,,2011-06-17,61.06,B,False,,,,,4.781,114533,23
3.873,135.0837333,34,,2011-06-17,61.06,B,False,,,,,4.781,114533,23
3.873,135.0837333,35,,2011-06-17,61.06,B,False,,,,,4.781,114533,23
3.873,135.0837333,36,,2011-06-17,61.06,B,False,,,,,4.781,114533,23
3.873,135.0837333,38,,2011-06-17,61.06,B,False,,,,,4.781,114533,23
3.873,135.0837333,40,,2011-06-17,61.06,B,False,,,,,4.781,114533,23
3.873,135.0837333,41,,2011-06-17,61.06,B,False,,,,,4.781,114533,23
3.873,135.0837333,42,,2011-06-17,61.06,B,False,,,,,4.781,114533,23
3.873,135.0837333,44,,2011-06-17,61.06,B,False,,,,,4.781,114533,23
3.873,135.0837333,45,,2011-06-17,61.06,B,False,,,,,4.781,114533,23
3.873,135.0837333,46,,2011-06-17,61.06,B,False,,,,,4.781,114533,23
3.873,135.0837333,49,,2011-06-17,61.06,B,False,,,,,4.781,114533,23
3.873,135.0837333,50,,2011-06-17,61.06,B,False,,,,,4.781,114533,23
3.873,135.0837333,51,,2011-06-17,61.06,B,False,,,,,4.781,114533,23
3.873,135.0837333,52,,2011-06-17,61.06,B,False,,,,,4.781,114533,23
3.873,135.0837333,54,,2011-06-17,61.06,B,False,,,,,4.781,114533,23
3.873,135.0837333,55,,2011-06-17,61.06,B,False,,,,,4.781,114533,23
3.873,135.0837333,56,,2011-06-17,61.06,B,False,,,,,4.781,114533,23
3.873,135.0837333,58,,2011-06-17,61.06,B,False,,,,,4.781,114533,23
3.873,135.0837333,59,,2011-06-17,61.06,B,False,,,,,4.781,114533,23
3.873,135.0837333,60,,2011-06-17,61.06,B,False,,,,,4.781,114533,23
3.873,135.0837333,67,,2011-06-17,61.06,B,False,,,,,4.781,114533,23
3.873,135.0837333,71,,2011-06-17,61.06,B,False,,,,,4.781,114533,23
3.873,135.0837333,72,,2011-06-17,61.06,B,False,,,,,4.781,114533,23
3.873,135.0837333,74,,2011-06-17,61.06,B,False,,,,,4.781,114533,23
3.873,135.0837333,79,,2011-06-17,61.06,B,False,,,,,4.781,114533,23
3.873,135.0837333,80,,2011-06-17,61.06,B,False,,,,,4.781,114533,23
3.873,135.0837333,81,,2011-06-17,61.06,B,False,,,,,4.781,114533,23
3.873,135.0837333,82,,2011-06-17,61.06,B,False,,,,,4.781,114533,23
3.873,135.0837333,83,,2011-06-17,61.06,B,False,,,,,4.781,114533,23
3.873,135.0837333,85,,2011-06-17,61.06,B,False,,,,,4.781,114533,23
3.873,135.0837333,87,,2011-06-17,61.06,B,False,,,,,4.781,114533,23
3.873,135.0837333,90,,2011-06-17,61.06,B,False,,,,,4.781,114533,23
3.873,135.0837333,91,,2011-06-17,61.06,B,False,,,,,4.781,114533,23
3.873,135.0837333,92,,2011-06-17,61.06,B,False,,,,,4.781,114533,23
3.873,135.0837333,93,,2011-06-17,61.06,B,False,,,,,4.781,114533,23
3.873,135.0837333,95,,2011-06-17,61.06,B,False,,,,,4.781,114533,23
3.873,135.0837333,96,,2011-06-17,61.06,B,False,,,,,4.781,114533,23
3.873,135.0837333,97,,2011-06-17,61.06,B,False,,,,,4.781,114533,23
3.873,135.0837333,98,,2011-06-17,61.06,B,False,,,,,4.781,114533,23
3.851,135.2652667,1,,2011-06-24,63.8,B,False,,,,,4.781,114533,23
3.851,135.2652667,2,,2011-06-24,63.8,B,False,,,,,4.781,114533,23
3.851,135.2652667,3,,2011-06-24,63.8,B,False,,,,,4.781,114533,23
3.851,135.2652667,4,,2011-06-24,63.8,B,False,,,,,4.781,114533,23
3.851,135.2652667,5,,2011-06-24,63.8,B,False,,,,,4.781,114533,23
3.851,135.2652667,6,,2011-06-24,63.8,B,False,,,,,4.781,114533,23
3.851,135.2652667,7,,2011-06-24,63.8,B,False,,,,,4.781,114533,23
3.851,135.2652667,8,,2011-06-24,63.8,B,False,,,,,4.781,114533,23
3.851,135.2652667,9,,2011-06-24,63.8,B,False,,,,,4.781,114533,23
3.851,135.2652667,10,,2011-06-24,63.8,B,False,,,,,4.781,114533,23
3.851,135.2652667,11,,2011-06-24,63.8,B,False,,,,,4.781,114533,23
3.851,135.2652667,12,,2011-06-24,63.8,B,False,,,,,4.781,114533,23
3.851,135.2652667,13,,2011-06-24,63.8,B,False,,,,,4.781,114533,23
3.851,135.2652667,14,,2011-06-24,63.8,B,False,,,,,4.781,114533,23
3.851,135.2652667,16,,2011-06-24,63.8,B,False,,,,,4.781,114533,23
3.851,135.2652667,17,,2011-06-24,63.8,B,False,,,,,4.781,114533,23
3.851,135.2652667,18,,2011-06-24,63.8,B,False,,,,,4.781,114533,23
3.851,135.2652667,19,,2011-06-24,63.8,B,False,,,,,4.781,114533,23
3.851,135.2652667,20,,2011-06-24,63.8,B,False,,,,,4.781,114533,23
3.851,135.2652667,21,,2011-06-24,63.8,B,False,,,,,4.781,114533,23
3.851,135.2652667,22,,2011-06-24,63.8,B,False,,,,,4.781,114533,23
3.851,135.2652667,23,,2011-06-24,63.8,B,False,,,,,4.781,114533,23
3.851,135.2652667,24,,2011-06-24,63.8,B,False,,,,,4.781,114533,23
3.851,135.2652667,25,,2011-06-24,63.8,B,False,,,,,4.781,114533,23
3.851,135.2652667,26,,2011-06-24,63.8,B,False,,,,,4.781,114533,23
3.851,135.2652667,27,,2011-06-24,63.8,B,False,,,,,4.781,114533,23
3.851,135.2652667,28,,2011-06-24,63.8,B,False,,,,,4.781,114533,23
3.851,135.2652667,29,,2011-06-24,63.8,B,False,,,,,4.781,114533,23
3.851,135.2652667,30,,2011-06-24,63.8,B,False,,,,,4.781,114533,23
3.851,135.2652667,31,,2011-06-24,63.8,B,False,,,,,4.781,114533,23
3.851,135.2652667,32,,2011-06-24,63.8,B,False,,,,,4.781,114533,23
3.851,135.2652667,33,,2011-06-24,63.8,B,False,,,,,4.781,114533,23
3.851,135.2652667,34,,2011-06-24,63.8,B,False,,,,,4.781,114533,23
3.851,135.2652667,35,,2011-06-24,63.8,B,False,,,,,4.781,114533,23
3.851,135.2652667,36,,2011-06-24,63.8,B,False,,,,,4.781,114533,23
3.851,135.2652667,38,,2011-06-24,63.8,B,False,,,,,4.781,114533,23
3.851,135.2652667,40,,2011-06-24,63.8,B,False,,,,,4.781,114533,23
3.851,135.2652667,41,,2011-06-24,63.8,B,False,,,,,4.781,114533,23
3.851,135.2652667,42,,2011-06-24,63.8,B,False,,,,,4.781,114533,23
3.851,135.2652667,44,,2011-06-24,63.8,B,False,,,,,4.781,114533,23
3.851,135.2652667,45,,2011-06-24,63.8,B,False,,,,,4.781,114533,23
3.851,135.2652667,46,,2011-06-24,63.8,B,False,,,,,4.781,114533,23
3.851,135.2652667,49,,2011-06-24,63.8,B,False,,,,,4.781,114533,23
3.851,135.2652667,50,,2011-06-24,63.8,B,False,,,,,4.781,114533,23
3.851,135.2652667,51,,2011-06-24,63.8,B,False,,,,,4.781,114533,23
3.851,135.2652667,52,,2011-06-24,63.8,B,False,,,,,4.781,114533,23
3.851,135.2652667,54,,2011-06-24,63.8,B,False,,,,,4.781,114533,23
3.851,135.2652667,55,,2011-06-24,63.8,B,False,,,,,4.781,114533,23
3.851,135.2652667,56,,2011-06-24,63.8,B,False,,,,,4.781,114533,23
3.851,135.2652667,58,,2011-06-24,63.8,B,False,,,,,4.781,114533,23
3.851,135.2652667,59,,2011-06-24,63.8,B,False,,,,,4.781,114533,23
3.851,135.2652667,60,,2011-06-24,63.8,B,False,,,,,4.781,114533,23
3.851,135.2652667,67,,2011-06-24,63.8,B,False,,,,,4.781,114533,23
3.851,135.2652667,71,,2011-06-24,63.8,B,False,,,,,4.781,114533,23
3.851,135.2652667,72,,2011-06-24,63.8,B,False,,,,,4.781,114533,23
3.851,135.2652667,74,,2011-06-24,63.8,B,False,,,,,4.781,114533,23
3.851,135.2652667,79,,2011-06-24,63.8,B,False,,,,,4.781,114533,23
3.851,135.2652667,80,,2011-06-24,63.8,B,False,,,,,4.781,114533,23
3.851,135.2652667,81,,2011-06-24,63.8,B,False,,,,,4.781,114533,23
3.851,135.2652667,82,,2011-06-24,63.8,B,False,,,,,4.781,114533,23
3.851,135.2652667,83,,2011-06-24,63.8,B,False,,,,,4.781,114533,23
3.851,135.2652667,85,,2011-06-24,63.8,B,False,,,,,4.781,114533,23
3.851,135.2652667,87,,2011-06-24,63.8,B,False,,,,,4.781,114533,23
3.851,135.2652667,90,,2011-06-24,63.8,B,False,,,,,4.781,114533,23
3.851,135.2652667,91,,2011-06-24,63.8,B,False,,,,,4.781,114533,23
3.851,135.2652667,92,,2011-06-24,63.8,B,False,,,,,4.781,114533,23
3.851,135.2652667,93,,2011-06-24,63.8,B,False,,,,,4.781,114533,23
3.851,135.2652667,95,,2011-06-24,63.8,B,False,,,,,4.781,114533,23
3.851,135.2652667,96,,2011-06-24,63.8,B,False,,,,,4.781,114533,23
3.851,135.2652667,97,,2011-06-24,63.8,B,False,,,,,4.781,114533,23
3.851,135.2652667,98,,2011-06-24,63.8,B,False,,,,,4.781,114533,23
3.815,135.4468,1,,2011-07-01,65.65,B,False,,,,,4.584,114533,23
3.815,135.4468,2,,2011-07-01,65.65,B,False,,,,,4.584,114533,23
3.815,135.4468,3,,2011-07-01,65.65,B,False,,,,,4.584,114533,23
3.815,135.4468,4,,2011-07-01,65.65,B,False,,,,,4.584,114533,23
3.815,135.4468,5,,2011-07-01,65.65,B,False,,,,,4.584,114533,23
3.815,135.4468,6,,2011-07-01,65.65,B,False,,,,,4.584,114533,23
3.815,135.4468,7,,2011-07-01,65.65,B,False,,,,,4.584,114533,23
3.815,135.4468,8,,2011-07-01,65.65,B,False,,,,,4.584,114533,23
3.815,135.4468,9,,2011-07-01,65.65,B,False,,,,,4.584,114533,23
3.815,135.4468,10,,2011-07-01,65.65,B,False,,,,,4.584,114533,23
3.815,135.4468,11,,2011-07-01,65.65,B,False,,,,,4.584,114533,23
3.815,135.4468,12,,2011-07-01,65.65,B,False,,,,,4.584,114533,23
3.815,135.4468,13,,2011-07-01,65.65,B,False,,,,,4.584,114533,23
3.815,135.4468,14,,2011-07-01,65.65,B,False,,,,,4.584,114533,23
3.815,135.4468,16,,2011-07-01,65.65,B,False,,,,,4.584,114533,23
3.815,135.4468,17,,2011-07-01,65.65,B,False,,,,,4.584,114533,23
3.815,135.4468,18,,2011-07-01,65.65,B,False,,,,,4.584,114533,23
3.815,135.4468,19,,2011-07-01,65.65,B,False,,,,,4.584,114533,23
3.815,135.4468,20,,2011-07-01,65.65,B,False,,,,,4.584,114533,23
3.815,135.4468,21,,2011-07-01,65.65,B,False,,,,,4.584,114533,23
3.815,135.4468,22,,2011-07-01,65.65,B,False,,,,,4.584,114533,23
3.815,135.4468,23,,2011-07-01,65.65,B,False,,,,,4.584,114533,23
3.815,135.4468,24,,2011-07-01,65.65,B,False,,,,,4.584,114533,23
3.815,135.4468,25,,2011-07-01,65.65,B,False,,,,,4.584,114533,23
3.815,135.4468,26,,2011-07-01,65.65,B,False,,,,,4.584,114533,23
3.815,135.4468,27,,2011-07-01,65.65,B,False,,,,,4.584,114533,23
3.815,135.4468,28,,2011-07-01,65.65,B,False,,,,,4.584,114533,23
3.815,135.4468,29,,2011-07-01,65.65,B,False,,,,,4.584,114533,23
3.815,135.4468,30,,2011-07-01,65.65,B,False,,,,,4.584,114533,23
3.815,135.4468,31,,2011-07-01,65.65,B,False,,,,,4.584,114533,23
3.815,135.4468,32,,2011-07-01,65.65,B,False,,,,,4.584,114533,23
3.815,135.4468,33,,2011-07-01,65.65,B,False,,,,,4.584,114533,23
3.815,135.4468,34,,2011-07-01,65.65,B,False,,,,,4.584,114533,23
3.815,135.4468,35,,2011-07-01,65.65,B,False,,,,,4.584,114533,23
3.815,135.4468,36,,2011-07-01,65.65,B,False,,,,,4.584,114533,23
3.815,135.4468,38,,2011-07-01,65.65,B,False,,,,,4.584,114533,23
3.815,135.4468,40,,2011-07-01,65.65,B,False,,,,,4.584,114533,23
3.815,135.4468,41,,2011-07-01,65.65,B,False,,,,,4.584,114533,23
3.815,135.4468,42,,2011-07-01,65.65,B,False,,,,,4.584,114533,23
3.815,135.4468,44,,2011-07-01,65.65,B,False,,,,,4.584,114533,23
3.815,135.4468,45,,2011-07-01,65.65,B,False,,,,,4.584,114533,23
3.815,135.4468,46,,2011-07-01,65.65,B,False,,,,,4.584,114533,23
3.815,135.4468,49,,2011-07-01,65.65,B,False,,,,,4.584,114533,23
3.815,135.4468,50,,2011-07-01,65.65,B,False,,,,,4.584,114533,23
3.815,135.4468,52,,2011-07-01,65.65,B,False,,,,,4.584,114533,23
3.815,135.4468,54,,2011-07-01,65.65,B,False,,,,,4.584,114533,23
3.815,135.4468,55,,2011-07-01,65.65,B,False,,,,,4.584,114533,23
3.815,135.4468,56,,2011-07-01,65.65,B,False,,,,,4.584,114533,23
3.815,135.4468,58,,2011-07-01,65.65,B,False,,,,,4.584,114533,23
3.815,135.4468,59,,2011-07-01,65.65,B,False,,,,,4.584,114533,23
3.815,135.4468,60,,2011-07-01,65.65,B,False,,,,,4.584,114533,23
3.815,135.4468,67,,2011-07-01,65.65,B,False,,,,,4.584,114533,23
3.815,135.4468,71,,2011-07-01,65.65,B,False,,,,,4.584,114533,23
3.815,135.4468,72,,2011-07-01,65.65,B,False,,,,,4.584,114533,23
3.815,135.4468,74,,2011-07-01,65.65,B,False,,,,,4.584,114533,23
3.815,135.4468,79,,2011-07-01,65.65,B,False,,,,,4.584,114533,23
3.815,135.4468,80,,2011-07-01,65.65,B,False,,,,,4.584,114533,23
3.815,135.4468,81,,2011-07-01,65.65,B,False,,,,,4.584,114533,23
3.815,135.4468,82,,2011-07-01,65.65,B,False,,,,,4.584,114533,23
3.815,135.4468,83,,2011-07-01,65.65,B,False,,,,,4.584,114533,23
3.815,135.4468,85,,2011-07-01,65.65,B,False,,,,,4.584,114533,23
3.815,135.4468,87,,2011-07-01,65.65,B,False,,,,,4.584,114533,23
3.815,135.4468,90,,2011-07-01,65.65,B,False,,,,,4.584,114533,23
3.815,135.4468,91,,2011-07-01,65.65,B,False,,,,,4.584,114533,23
3.815,135.4468,92,,2011-07-01,65.65,B,False,,,,,4.584,114533,23
3.815,135.4468,93,,2011-07-01,65.65,B,False,,,,,4.584,114533,23
3.815,135.4468,94,,2011-07-01,65.65,B,False,,,,,4.584,114533,23
3.815,135.4468,95,,2011-07-01,65.65,B,False,,,,,4.584,114533,23
3.815,135.4468,96,,2011-07-01,65.65,B,False,,,,,4.584,114533,23
3.815,135.4468,97,,2011-07-01,65.65,B,False,,,,,4.584,114533,23
3.815,135.4468,98,,2011-07-01,65.65,B,False,,,,,4.584,114533,23
3.784,135.6283333,1,,2011-07-08,69.92,B,False,,,,,4.584,114533,23
3.784,135.6283333,2,,2011-07-08,69.92,B,False,,,,,4.584,114533,23
3.784,135.6283333,3,,2011-07-08,69.92,B,False,,,,,4.584,114533,23
3.784,135.6283333,4,,2011-07-08,69.92,B,False,,,,,4.584,114533,23
3.784,135.6283333,5,,2011-07-08,69.92,B,False,,,,,4.584,114533,23
3.784,135.6283333,6,,2011-07-08,69.92,B,False,,,,,4.584,114533,23
3.784,135.6283333,7,,2011-07-08,69.92,B,False,,,,,4.584,114533,23
3.784,135.6283333,8,,2011-07-08,69.92,B,False,,,,,4.584,114533,23
3.784,135.6283333,9,,2011-07-08,69.92,B,False,,,,,4.584,114533,23
3.784,135.6283333,10,,2011-07-08,69.92,B,False,,,,,4.584,114533,23
3.784,135.6283333,11,,2011-07-08,69.92,B,False,,,,,4.584,114533,23
3.784,135.6283333,12,,2011-07-08,69.92,B,False,,,,,4.584,114533,23
3.784,135.6283333,13,,2011-07-08,69.92,B,False,,,,,4.584,114533,23
3.784,135.6283333,14,,2011-07-08,69.92,B,False,,,,,4.584,114533,23
3.784,135.6283333,16,,2011-07-08,69.92,B,False,,,,,4.584,114533,23
3.784,135.6283333,17,,2011-07-08,69.92,B,False,,,,,4.584,114533,23
3.784,135.6283333,18,,2011-07-08,69.92,B,False,,,,,4.584,114533,23
3.784,135.6283333,19,,2011-07-08,69.92,B,False,,,,,4.584,114533,23
3.784,135.6283333,20,,2011-07-08,69.92,B,False,,,,,4.584,114533,23
3.784,135.6283333,21,,2011-07-08,69.92,B,False,,,,,4.584,114533,23
3.784,135.6283333,22,,2011-07-08,69.92,B,False,,,,,4.584,114533,23
3.784,135.6283333,23,,2011-07-08,69.92,B,False,,,,,4.584,114533,23
3.784,135.6283333,24,,2011-07-08,69.92,B,False,,,,,4.584,114533,23
3.784,135.6283333,25,,2011-07-08,69.92,B,False,,,,,4.584,114533,23
3.784,135.6283333,26,,2011-07-08,69.92,B,False,,,,,4.584,114533,23
3.784,135.6283333,27,,2011-07-08,69.92,B,False,,,,,4.584,114533,23
3.784,135.6283333,28,,2011-07-08,69.92,B,False,,,,,4.584,114533,23
3.784,135.6283333,29,,2011-07-08,69.92,B,False,,,,,4.584,114533,23
3.784,135.6283333,30,,2011-07-08,69.92,B,False,,,,,4.584,114533,23
3.784,135.6283333,31,,2011-07-08,69.92,B,False,,,,,4.584,114533,23
3.784,135.6283333,32,,2011-07-08,69.92,B,False,,,,,4.584,114533,23
3.784,135.6283333,33,,2011-07-08,69.92,B,False,,,,,4.584,114533,23
3.784,135.6283333,34,,2011-07-08,69.92,B,False,,,,,4.584,114533,23
3.784,135.6283333,35,,2011-07-08,69.92,B,False,,,,,4.584,114533,23
3.784,135.6283333,36,,2011-07-08,69.92,B,False,,,,,4.584,114533,23
3.784,135.6283333,38,,2011-07-08,69.92,B,False,,,,,4.584,114533,23
3.784,135.6283333,40,,2011-07-08,69.92,B,False,,,,,4.584,114533,23
3.784,135.6283333,41,,2011-07-08,69.92,B,False,,,,,4.584,114533,23
3.784,135.6283333,42,,2011-07-08,69.92,B,False,,,,,4.584,114533,23
3.784,135.6283333,44,,2011-07-08,69.92,B,False,,,,,4.584,114533,23
3.784,135.6283333,45,,2011-07-08,69.92,B,False,,,,,4.584,114533,23
3.784,135.6283333,46,,2011-07-08,69.92,B,False,,,,,4.584,114533,23
3.784,135.6283333,49,,2011-07-08,69.92,B,False,,,,,4.584,114533,23
3.784,135.6283333,50,,2011-07-08,69.92,B,False,,,,,4.584,114533,23
3.784,135.6283333,51,,2011-07-08,69.92,B,False,,,,,4.584,114533,23
3.784,135.6283333,52,,2011-07-08,69.92,B,False,,,,,4.584,114533,23
3.784,135.6283333,54,,2011-07-08,69.92,B,False,,,,,4.584,114533,23
3.784,135.6283333,55,,2011-07-08,69.92,B,False,,,,,4.584,114533,23
3.784,135.6283333,56,,2011-07-08,69.92,B,False,,,,,4.584,114533,23
3.784,135.6283333,58,,2011-07-08,69.92,B,False,,,,,4.584,114533,23
3.784,135.6283333,59,,2011-07-08,69.92,B,False,,,,,4.584,114533,23
3.784,135.6283333,60,,2011-07-08,69.92,B,False,,,,,4.584,114533,23
3.784,135.6283333,67,,2011-07-08,69.92,B,False,,,,,4.584,114533,23
3.784,135.6283333,71,,2011-07-08,69.92,B,False,,,,,4.584,114533,23
3.784,135.6283333,72,,2011-07-08,69.92,B,False,,,,,4.584,114533,23
3.784,135.6283333,74,,2011-07-08,69.92,B,False,,,,,4.584,114533,23
3.784,135.6283333,79,,2011-07-08,69.92,B,False,,,,,4.584,114533,23
3.784,135.6283333,80,,2011-07-08,69.92,B,False,,,,,4.584,114533,23
3.784,135.6283333,81,,2011-07-08,69.92,B,False,,,,,4.584,114533,23
3.784,135.6283333,82,,2011-07-08,69.92,B,False,,,,,4.584,114533,23
3.784,135.6283333,83,,2011-07-08,69.92,B,False,,,,,4.584,114533,23
3.784,135.6283333,85,,2011-07-08,69.92,B,False,,,,,4.584,114533,23
3.784,135.6283333,87,,2011-07-08,69.92,B,False,,,,,4.584,114533,23
3.784,135.6283333,90,,2011-07-08,69.92,B,False,,,,,4.584,114533,23
3.784,135.6283333,91,,2011-07-08,69.92,B,False,,,,,4.584,114533,23
3.784,135.6283333,92,,2011-07-08,69.92,B,False,,,,,4.584,114533,23
3.784,135.6283333,93,,2011-07-08,69.92,B,False,,,,,4.584,114533,23
3.784,135.6283333,94,,2011-07-08,69.92,B,False,,,,,4.584,114533,23
3.784,135.6283333,95,,2011-07-08,69.92,B,False,,,,,4.584,114533,23
3.784,135.6283333,96,,2011-07-08,69.92,B,False,,,,,4.584,114533,23
3.784,135.6283333,97,,2011-07-08,69.92,B,False,,,,,4.584,114533,23
3.784,135.6283333,98,,2011-07-08,69.92,B,False,,,,,4.584,114533,23
3.827,135.7837419,1,,2011-07-15,69.8,B,False,,,,,4.584,114533,23
3.827,135.7837419,2,,2011-07-15,69.8,B,False,,,,,4.584,114533,23
3.827,135.7837419,3,,2011-07-15,69.8,B,False,,,,,4.584,114533,23
3.827,135.7837419,4,,2011-07-15,69.8,B,False,,,,,4.584,114533,23
3.827,135.7837419,5,,2011-07-15,69.8,B,False,,,,,4.584,114533,23
3.827,135.7837419,6,,2011-07-15,69.8,B,False,,,,,4.584,114533,23
3.827,135.7837419,7,,2011-07-15,69.8,B,False,,,,,4.584,114533,23
3.827,135.7837419,8,,2011-07-15,69.8,B,False,,,,,4.584,114533,23
3.827,135.7837419,9,,2011-07-15,69.8,B,False,,,,,4.584,114533,23
3.827,135.7837419,10,,2011-07-15,69.8,B,False,,,,,4.584,114533,23
3.827,135.7837419,11,,2011-07-15,69.8,B,False,,,,,4.584,114533,23
3.827,135.7837419,12,,2011-07-15,69.8,B,False,,,,,4.584,114533,23
3.827,135.7837419,13,,2011-07-15,69.8,B,False,,,,,4.584,114533,23
3.827,135.7837419,14,,2011-07-15,69.8,B,False,,,,,4.584,114533,23
3.827,135.7837419,16,,2011-07-15,69.8,B,False,,,,,4.584,114533,23
3.827,135.7837419,17,,2011-07-15,69.8,B,False,,,,,4.584,114533,23
3.827,135.7837419,18,,2011-07-15,69.8,B,False,,,,,4.584,114533,23
3.827,135.7837419,19,,2011-07-15,69.8,B,False,,,,,4.584,114533,23
3.827,135.7837419,20,,2011-07-15,69.8,B,False,,,,,4.584,114533,23
3.827,135.7837419,21,,2011-07-15,69.8,B,False,,,,,4.584,114533,23
3.827,135.7837419,22,,2011-07-15,69.8,B,False,,,,,4.584,114533,23
3.827,135.7837419,23,,2011-07-15,69.8,B,False,,,,,4.584,114533,23
3.827,135.7837419,24,,2011-07-15,69.8,B,False,,,,,4.584,114533,23
3.827,135.7837419,25,,2011-07-15,69.8,B,False,,,,,4.584,114533,23
3.827,135.7837419,26,,2011-07-15,69.8,B,False,,,,,4.584,114533,23
3.827,135.7837419,27,,2011-07-15,69.8,B,False,,,,,4.584,114533,23
3.827,135.7837419,28,,2011-07-15,69.8,B,False,,,,,4.584,114533,23
3.827,135.7837419,29,,2011-07-15,69.8,B,False,,,,,4.584,114533,23
3.827,135.7837419,30,,2011-07-15,69.8,B,False,,,,,4.584,114533,23
3.827,135.7837419,31,,2011-07-15,69.8,B,False,,,,,4.584,114533,23
3.827,135.7837419,32,,2011-07-15,69.8,B,False,,,,,4.584,114533,23
3.827,135.7837419,33,,2011-07-15,69.8,B,False,,,,,4.584,114533,23
3.827,135.7837419,34,,2011-07-15,69.8,B,False,,,,,4.584,114533,23
3.827,135.7837419,35,,2011-07-15,69.8,B,False,,,,,4.584,114533,23
3.827,135.7837419,36,,2011-07-15,69.8,B,False,,,,,4.584,114533,23
3.827,135.7837419,38,,2011-07-15,69.8,B,False,,,,,4.584,114533,23
3.827,135.7837419,40,,2011-07-15,69.8,B,False,,,,,4.584,114533,23
3.827,135.7837419,41,,2011-07-15,69.8,B,False,,,,,4.584,114533,23
3.827,135.7837419,42,,2011-07-15,69.8,B,False,,,,,4.584,114533,23
3.827,135.7837419,44,,2011-07-15,69.8,B,False,,,,,4.584,114533,23
3.827,135.7837419,45,,2011-07-15,69.8,B,False,,,,,4.584,114533,23
3.827,135.7837419,46,,2011-07-15,69.8,B,False,,,,,4.584,114533,23
3.827,135.7837419,49,,2011-07-15,69.8,B,False,,,,,4.584,114533,23
3.827,135.7837419,50,,2011-07-15,69.8,B,False,,,,,4.584,114533,23
3.827,135.7837419,51,,2011-07-15,69.8,B,False,,,,,4.584,114533,23
3.827,135.7837419,52,,2011-07-15,69.8,B,False,,,,,4.584,114533,23
3.827,135.7837419,54,,2011-07-15,69.8,B,False,,,,,4.584,114533,23
3.827,135.7837419,55,,2011-07-15,69.8,B,False,,,,,4.584,114533,23
3.827,135.7837419,56,,2011-07-15,69.8,B,False,,,,,4.584,114533,23
3.827,135.7837419,58,,2011-07-15,69.8,B,False,,,,,4.584,114533,23
3.827,135.7837419,59,,2011-07-15,69.8,B,False,,,,,4.584,114533,23
3.827,135.7837419,60,,2011-07-15,69.8,B,False,,,,,4.584,114533,23
3.827,135.7837419,67,,2011-07-15,69.8,B,False,,,,,4.584,114533,23
3.827,135.7837419,71,,2011-07-15,69.8,B,False,,,,,4.584,114533,23
3.827,135.7837419,72,,2011-07-15,69.8,B,False,,,,,4.584,114533,23
3.827,135.7837419,74,,2011-07-15,69.8,B,False,,,,,4.584,114533,23
3.827,135.7837419,79,,2011-07-15,69.8,B,False,,,,,4.584,114533,23
3.827,135.7837419,80,,2011-07-15,69.8,B,False,,,,,4.584,114533,23
3.827,135.7837419,81,,2011-07-15,69.8,B,False,,,,,4.584,114533,23
3.827,135.7837419,82,,2011-07-15,69.8,B,False,,,,,4.584,114533,23
3.827,135.7837419,83,,2011-07-15,69.8,B,False,,,,,4.584,114533,23
3.827,135.7837419,85,,2011-07-15,69.8,B,False,,,,,4.584,114533,23
3.827,135.7837419,87,,2011-07-15,69.8,B,False,,,,,4.584,114533,23
3.827,135.7837419,90,,2011-07-15,69.8,B,False,,,,,4.584,114533,23
3.827,135.7837419,91,,2011-07-15,69.8,B,False,,,,,4.584,114533,23
3.827,135.7837419,92,,2011-07-15,69.8,B,False,,,,,4.584,114533,23
3.827,135.7837419,93,,2011-07-15,69.8,B,False,,,,,4.584,114533,23
3.827,135.7837419,95,,2011-07-15,69.8,B,False,,,,,4.584,114533,23
3.827,135.7837419,96,,2011-07-15,69.8,B,False,,,,,4.584,114533,23
3.827,135.7837419,97,,2011-07-15,69.8,B,False,,,,,4.584,114533,23
3.827,135.7837419,98,,2011-07-15,69.8,B,False,,,,,4.584,114533,23
3.882,135.8738387,1,,2011-07-22,76.74,B,False,,,,,4.584,114533,23
3.882,135.8738387,2,,2011-07-22,76.74,B,False,,,,,4.584,114533,23
3.882,135.8738387,3,,2011-07-22,76.74,B,False,,,,,4.584,114533,23
3.882,135.8738387,4,,2011-07-22,76.74,B,False,,,,,4.584,114533,23
3.882,135.8738387,5,,2011-07-22,76.74,B,False,,,,,4.584,114533,23
3.882,135.8738387,6,,2011-07-22,76.74,B,False,,,,,4.584,114533,23
3.882,135.8738387,7,,2011-07-22,76.74,B,False,,,,,4.584,114533,23
3.882,135.8738387,8,,2011-07-22,76.74,B,False,,,,,4.584,114533,23
3.882,135.8738387,9,,2011-07-22,76.74,B,False,,,,,4.584,114533,23
3.882,135.8738387,10,,2011-07-22,76.74,B,False,,,,,4.584,114533,23
3.882,135.8738387,11,,2011-07-22,76.74,B,False,,,,,4.584,114533,23
3.882,135.8738387,12,,2011-07-22,76.74,B,False,,,,,4.584,114533,23
3.882,135.8738387,13,,2011-07-22,76.74,B,False,,,,,4.584,114533,23
3.882,135.8738387,14,,2011-07-22,76.74,B,False,,,,,4.584,114533,23
3.882,135.8738387,16,,2011-07-22,76.74,B,False,,,,,4.584,114533,23
3.882,135.8738387,17,,2011-07-22,76.74,B,False,,,,,4.584,114533,23
3.882,135.8738387,18,,2011-07-22,76.74,B,False,,,,,4.584,114533,23
3.882,135.8738387,19,,2011-07-22,76.74,B,False,,,,,4.584,114533,23
3.882,135.8738387,20,,2011-07-22,76.74,B,False,,,,,4.584,114533,23
3.882,135.8738387,21,,2011-07-22,76.74,B,False,,,,,4.584,114533,23
3.882,135.8738387,22,,2011-07-22,76.74,B,False,,,,,4.584,114533,23
3.882,135.8738387,23,,2011-07-22,76.74,B,False,,,,,4.584,114533,23
3.882,135.8738387,24,,2011-07-22,76.74,B,False,,,,,4.584,114533,23
3.882,135.8738387,25,,2011-07-22,76.74,B,False,,,,,4.584,114533,23
3.882,135.8738387,26,,2011-07-22,76.74,B,False,,,,,4.584,114533,23
3.882,135.8738387,27,,2011-07-22,76.74,B,False,,,,,4.584,114533,23
3.882,135.8738387,28,,2011-07-22,76.74,B,False,,,,,4.584,114533,23
3.882,135.8738387,29,,2011-07-22,76.74,B,False,,,,,4.584,114533,23
3.882,135.8738387,30,,2011-07-22,76.74,B,False,,,,,4.584,114533,23
3.882,135.8738387,31,,2011-07-22,76.74,B,False,,,,,4.584,114533,23
3.882,135.8738387,32,,2011-07-22,76.74,B,False,,,,,4.584,114533,23
3.882,135.8738387,33,,2011-07-22,76.74,B,False,,,,,4.584,114533,23
3.882,135.8738387,34,,2011-07-22,76.74,B,False,,,,,4.584,114533,23
3.882,135.8738387,35,,2011-07-22,76.74,B,False,,,,,4.584,114533,23
3.882,135.8738387,36,,2011-07-22,76.74,B,False,,,,,4.584,114533,23
3.882,135.8738387,38,,2011-07-22,76.74,B,False,,,,,4.584,114533,23
3.882,135.8738387,40,,2011-07-22,76.74,B,False,,,,,4.584,114533,23
3.882,135.8738387,41,,2011-07-22,76.74,B,False,,,,,4.584,114533,23
3.882,135.8738387,42,,2011-07-22,76.74,B,False,,,,,4.584,114533,23
3.882,135.8738387,44,,2011-07-22,76.74,B,False,,,,,4.584,114533,23
3.882,135.8738387,45,,2011-07-22,76.74,B,False,,,,,4.584,114533,23
3.882,135.8738387,46,,2011-07-22,76.74,B,False,,,,,4.584,114533,23
3.882,135.8738387,49,,2011-07-22,76.74,B,False,,,,,4.584,114533,23
3.882,135.8738387,50,,2011-07-22,76.74,B,False,,,,,4.584,114533,23
3.882,135.8738387,52,,2011-07-22,76.74,B,False,,,,,4.584,114533,23
3.882,135.8738387,54,,2011-07-22,76.74,B,False,,,,,4.584,114533,23
3.882,135.8738387,55,,2011-07-22,76.74,B,False,,,,,4.584,114533,23
3.882,135.8738387,56,,2011-07-22,76.74,B,False,,,,,4.584,114533,23
3.882,135.8738387,58,,2011-07-22,76.74,B,False,,,,,4.584,114533,23
3.882,135.8738387,59,,2011-07-22,76.74,B,False,,,,,4.584,114533,23
3.882,135.8738387,60,,2011-07-22,76.74,B,False,,,,,4.584,114533,23
3.882,135.8738387,67,,2011-07-22,76.74,B,False,,,,,4.584,114533,23
3.882,135.8738387,71,,2011-07-22,76.74,B,False,,,,,4.584,114533,23
3.882,135.8738387,72,,2011-07-22,76.74,B,False,,,,,4.584,114533,23
3.882,135.8738387,74,,2011-07-22,76.74,B,False,,,,,4.584,114533,23
3.882,135.8738387,79,,2011-07-22,76.74,B,False,,,,,4.584,114533,23
3.882,135.8738387,80,,2011-07-22,76.74,B,False,,,,,4.584,114533,23
3.882,135.8738387,81,,2011-07-22,76.74,B,False,,,,,4.584,114533,23
3.882,135.8738387,82,,2011-07-22,76.74,B,False,,,,,4.584,114533,23
3.882,135.8738387,83,,2011-07-22,76.74,B,False,,,,,4.584,114533,23
3.882,135.8738387,85,,2011-07-22,76.74,B,False,,,,,4.584,114533,23
3.882,135.8738387,87,,2011-07-22,76.74,B,False,,,,,4.584,114533,23
3.882,135.8738387,90,,2011-07-22,76.74,B,False,,,,,4.584,114533,23
3.882,135.8738387,91,,2011-07-22,76.74,B,False,,,,,4.584,114533,23
3.882,135.8738387,92,,2011-07-22,76.74,B,False,,,,,4.584,114533,23
3.882,135.8738387,93,,2011-07-22,76.74,B,False,,,,,4.584,114533,23
3.882,135.8738387,94,,2011-07-22,76.74,B,False,,,,,4.584,114533,23
3.882,135.8738387,95,,2011-07-22,76.74,B,False,,,,,4.584,114533,23
3.882,135.8738387,96,,2011-07-22,76.74,B,False,,,,,4.584,114533,23
3.882,135.8738387,97,,2011-07-22,76.74,B,False,,,,,4.584,114533,23
3.882,135.8738387,98,,2011-07-22,76.74,B,False,,,,,4.584,114533,23
3.898,135.9639355,1,,2011-07-29,69.55,B,False,,,,,4.584,114533,23
3.898,135.9639355,2,,2011-07-29,69.55,B,False,,,,,4.584,114533,23
3.898,135.9639355,3,,2011-07-29,69.55,B,False,,,,,4.584,114533,23
3.898,135.9639355,4,,2011-07-29,69.55,B,False,,,,,4.584,114533,23
3.898,135.9639355,5,,2011-07-29,69.55,B,False,,,,,4.584,114533,23
3.898,135.9639355,6,,2011-07-29,69.55,B,False,,,,,4.584,114533,23
3.898,135.9639355,7,,2011-07-29,69.55,B,False,,,,,4.584,114533,23
3.898,135.9639355,8,,2011-07-29,69.55,B,False,,,,,4.584,114533,23
3.898,135.9639355,9,,2011-07-29,69.55,B,False,,,,,4.584,114533,23
3.898,135.9639355,10,,2011-07-29,69.55,B,False,,,,,4.584,114533,23
3.898,135.9639355,11,,2011-07-29,69.55,B,False,,,,,4.584,114533,23
3.898,135.9639355,12,,2011-07-29,69.55,B,False,,,,,4.584,114533,23
3.898,135.9639355,13,,2011-07-29,69.55,B,False,,,,,4.584,114533,23
3.898,135.9639355,14,,2011-07-29,69.55,B,False,,,,,4.584,114533,23
3.898,135.9639355,16,,2011-07-29,69.55,B,False,,,,,4.584,114533,23
3.898,135.9639355,17,,2011-07-29,69.55,B,False,,,,,4.584,114533,23
3.898,135.9639355,19,,2011-07-29,69.55,B,False,,,,,4.584,114533,23
3.898,135.9639355,20,,2011-07-29,69.55,B,False,,,,,4.584,114533,23
3.898,135.9639355,21,,2011-07-29,69.55,B,False,,,,,4.584,114533,23
3.898,135.9639355,22,,2011-07-29,69.55,B,False,,,,,4.584,114533,23
3.898,135.9639355,23,,2011-07-29,69.55,B,False,,,,,4.584,114533,23
3.898,135.9639355,24,,2011-07-29,69.55,B,False,,,,,4.584,114533,23
3.898,135.9639355,25,,2011-07-29,69.55,B,False,,,,,4.584,114533,23
3.898,135.9639355,26,,2011-07-29,69.55,B,False,,,,,4.584,114533,23
3.898,135.9639355,27,,2011-07-29,69.55,B,False,,,,,4.584,114533,23
3.898,135.9639355,28,,2011-07-29,69.55,B,False,,,,,4.584,114533,23
3.898,135.9639355,29,,2011-07-29,69.55,B,False,,,,,4.584,114533,23
3.898,135.9639355,30,,2011-07-29,69.55,B,False,,,,,4.584,114533,23
3.898,135.9639355,31,,2011-07-29,69.55,B,False,,,,,4.584,114533,23
3.898,135.9639355,32,,2011-07-29,69.55,B,False,,,,,4.584,114533,23
3.898,135.9639355,33,,2011-07-29,69.55,B,False,,,,,4.584,114533,23
3.898,135.9639355,34,,2011-07-29,69.55,B,False,,,,,4.584,114533,23
3.898,135.9639355,35,,2011-07-29,69.55,B,False,,,,,4.584,114533,23
3.898,135.9639355,36,,2011-07-29,69.55,B,False,,,,,4.584,114533,23
3.898,135.9639355,38,,2011-07-29,69.55,B,False,,,,,4.584,114533,23
3.898,135.9639355,40,,2011-07-29,69.55,B,False,,,,,4.584,114533,23
3.898,135.9639355,41,,2011-07-29,69.55,B,False,,,,,4.584,114533,23
3.898,135.9639355,42,,2011-07-29,69.55,B,False,,,,,4.584,114533,23
3.898,135.9639355,44,,2011-07-29,69.55,B,False,,,,,4.584,114533,23
3.898,135.9639355,45,,2011-07-29,69.55,B,False,,,,,4.584,114533,23
3.898,135.9639355,46,,2011-07-29,69.55,B,False,,,,,4.584,114533,23
3.898,135.9639355,48,,2011-07-29,69.55,B,False,,,,,4.584,114533,23
3.898,135.9639355,49,,2011-07-29,69.55,B,False,,,,,4.584,114533,23
3.898,135.9639355,50,,2011-07-29,69.55,B,False,,,,,4.584,114533,23
3.898,135.9639355,52,,2011-07-29,69.55,B,False,,,,,4.584,114533,23
3.898,135.9639355,54,,2011-07-29,69.55,B,False,,,,,4.584,114533,23
3.898,135.9639355,55,,2011-07-29,69.55,B,False,,,,,4.584,114533,23
3.898,135.9639355,56,,2011-07-29,69.55,B,False,,,,,4.584,114533,23
3.898,135.9639355,58,,2011-07-29,69.55,B,False,,,,,4.584,114533,23
3.898,135.9639355,59,,2011-07-29,69.55,B,False,,,,,4.584,114533,23
3.898,135.9639355,60,,2011-07-29,69.55,B,False,,,,,4.584,114533,23
3.898,135.9639355,67,,2011-07-29,69.55,B,False,,,,,4.584,114533,23
3.898,135.9639355,71,,2011-07-29,69.55,B,False,,,,,4.584,114533,23
3.898,135.9639355,72,,2011-07-29,69.55,B,False,,,,,4.584,114533,23
3.898,135.9639355,74,,2011-07-29,69.55,B,False,,,,,4.584,114533,23
3.898,135.9639355,78,,2011-07-29,69.55,B,False,,,,,4.584,114533,23
3.898,135.9639355,79,,2011-07-29,69.55,B,False,,,,,4.584,114533,23
3.898,135.9639355,80,,2011-07-29,69.55,B,False,,,,,4.584,114533,23
3.898,135.9639355,81,,2011-07-29,69.55,B,False,,,,,4.584,114533,23
3.898,135.9639355,82,,2011-07-29,69.55,B,False,,,,,4.584,114533,23
3.898,135.9639355,83,,2011-07-29,69.55,B,False,,,,,4.584,114533,23
3.898,135.9639355,85,,2011-07-29,69.55,B,False,,,,,4.584,114533,23
3.898,135.9639355,87,,2011-07-29,69.55,B,False,,,,,4.584,114533,23
3.898,135.9639355,90,,2011-07-29,69.55,B,False,,,,,4.584,114533,23
3.898,135.9639355,91,,2011-07-29,69.55,B,False,,,,,4.584,114533,23
3.898,135.9639355,92,,2011-07-29,69.55,B,False,,,,,4.584,114533,23
3.898,135.9639355,93,,2011-07-29,69.55,B,False,,,,,4.584,114533,23
3.898,135.9639355,95,,2011-07-29,69.55,B,False,,,,,4.584,114533,23
3.898,135.9639355,96,,2011-07-29,69.55,B,False,,,,,4.584,114533,23
3.898,135.9639355,97,,2011-07-29,69.55,B,False,,,,,4.584,114533,23
3.898,135.9639355,98,,2011-07-29,69.55,B,False,,,,,4.584,114533,23
3.903,136.0540323,1,,2011-08-05,69.53,B,False,,,,,4.584,114533,23
3.903,136.0540323,2,,2011-08-05,69.53,B,False,,,,,4.584,114533,23
3.903,136.0540323,3,,2011-08-05,69.53,B,False,,,,,4.584,114533,23
3.903,136.0540323,4,,2011-08-05,69.53,B,False,,,,,4.584,114533,23
3.903,136.0540323,5,,2011-08-05,69.53,B,False,,,,,4.584,114533,23
3.903,136.0540323,6,,2011-08-05,69.53,B,False,,,,,4.584,114533,23
3.903,136.0540323,7,,2011-08-05,69.53,B,False,,,,,4.584,114533,23
3.903,136.0540323,8,,2011-08-05,69.53,B,False,,,,,4.584,114533,23
3.903,136.0540323,9,,2011-08-05,69.53,B,False,,,,,4.584,114533,23
3.903,136.0540323,10,,2011-08-05,69.53,B,False,,,,,4.584,114533,23
3.903,136.0540323,11,,2011-08-05,69.53,B,False,,,,,4.584,114533,23
3.903,136.0540323,12,,2011-08-05,69.53,B,False,,,,,4.584,114533,23
3.903,136.0540323,13,,2011-08-05,69.53,B,False,,,,,4.584,114533,23
3.903,136.0540323,14,,2011-08-05,69.53,B,False,,,,,4.584,114533,23
3.903,136.0540323,16,,2011-08-05,69.53,B,False,,,,,4.584,114533,23
3.903,136.0540323,17,,2011-08-05,69.53,B,False,,,,,4.584,114533,23
3.903,136.0540323,19,,2011-08-05,69.53,B,False,,,,,4.584,114533,23
3.903,136.0540323,20,,2011-08-05,69.53,B,False,,,,,4.584,114533,23
3.903,136.0540323,21,,2011-08-05,69.53,B,False,,,,,4.584,114533,23
3.903,136.0540323,22,,2011-08-05,69.53,B,False,,,,,4.584,114533,23
3.903,136.0540323,23,,2011-08-05,69.53,B,False,,,,,4.584,114533,23
3.903,136.0540323,24,,2011-08-05,69.53,B,False,,,,,4.584,114533,23
3.903,136.0540323,25,,2011-08-05,69.53,B,False,,,,,4.584,114533,23
3.903,136.0540323,26,,2011-08-05,69.53,B,False,,,,,4.584,114533,23
3.903,136.0540323,27,,2011-08-05,69.53,B,False,,,,,4.584,114533,23
3.903,136.0540323,28,,2011-08-05,69.53,B,False,,,,,4.584,114533,23
3.903,136.0540323,29,,2011-08-05,69.53,B,False,,,,,4.584,114533,23
3.903,136.0540323,30,,2011-08-05,69.53,B,False,,,,,4.584,114533,23
3.903,136.0540323,31,,2011-08-05,69.53,B,False,,,,,4.584,114533,23
3.903,136.0540323,32,,2011-08-05,69.53,B,False,,,,,4.584,114533,23
3.903,136.0540323,33,,2011-08-05,69.53,B,False,,,,,4.584,114533,23
3.903,136.0540323,34,,2011-08-05,69.53,B,False,,,,,4.584,114533,23
3.903,136.0540323,35,,2011-08-05,69.53,B,False,,,,,4.584,114533,23
3.903,136.0540323,36,,2011-08-05,69.53,B,False,,,,,4.584,114533,23
3.903,136.0540323,38,,2011-08-05,69.53,B,False,,,,,4.584,114533,23
3.903,136.0540323,40,,2011-08-05,69.53,B,False,,,,,4.584,114533,23
3.903,136.0540323,41,,2011-08-05,69.53,B,False,,,,,4.584,114533,23
3.903,136.0540323,42,,2011-08-05,69.53,B,False,,,,,4.584,114533,23
3.903,136.0540323,44,,2011-08-05,69.53,B,False,,,,,4.584,114533,23
3.903,136.0540323,45,,2011-08-05,69.53,B,False,,,,,4.584,114533,23
3.903,136.0540323,46,,2011-08-05,69.53,B,False,,,,,4.584,114533,23
3.903,136.0540323,48,,2011-08-05,69.53,B,False,,,,,4.584,114533,23
3.903,136.0540323,49,,2011-08-05,69.53,B,False,,,,,4.584,114533,23
3.903,136.0540323,50,,2011-08-05,69.53,B,False,,,,,4.584,114533,23
3.903,136.0540323,52,,2011-08-05,69.53,B,False,,,,,4.584,114533,23
3.903,136.0540323,54,,2011-08-05,69.53,B,False,,,,,4.584,114533,23
3.903,136.0540323,55,,2011-08-05,69.53,B,False,,,,,4.584,114533,23
3.903,136.0540323,56,,2011-08-05,69.53,B,False,,,,,4.584,114533,23
3.903,136.0540323,58,,2011-08-05,69.53,B,False,,,,,4.584,114533,23
3.903,136.0540323,59,,2011-08-05,69.53,B,False,,,,,4.584,114533,23
3.903,136.0540323,60,,2011-08-05,69.53,B,False,,,,,4.584,114533,23
3.903,136.0540323,67,,2011-08-05,69.53,B,False,,,,,4.584,114533,23
3.903,136.0540323,71,,2011-08-05,69.53,B,False,,,,,4.584,114533,23
3.903,136.0540323,72,,2011-08-05,69.53,B,False,,,,,4.584,114533,23
3.903,136.0540323,74,,2011-08-05,69.53,B,False,,,,,4.584,114533,23
3.903,136.0540323,78,,2011-08-05,69.53,B,False,,,,,4.584,114533,23
3.903,136.0540323,79,,2011-08-05,69.53,B,False,,,,,4.584,114533,23
3.903,136.0540323,80,,2011-08-05,69.53,B,False,,,,,4.584,114533,23
3.903,136.0540323,81,,2011-08-05,69.53,B,False,,,,,4.584,114533,23
3.903,136.0540323,82,,2011-08-05,69.53,B,False,,,,,4.584,114533,23
3.903,136.0540323,83,,2011-08-05,69.53,B,False,,,,,4.584,114533,23
3.903,136.0540323,85,,2011-08-05,69.53,B,False,,,,,4.584,114533,23
3.903,136.0540323,87,,2011-08-05,69.53,B,False,,,,,4.584,114533,23
3.903,136.0540323,90,,2011-08-05,69.53,B,False,,,,,4.584,114533,23
3.903,136.0540323,91,,2011-08-05,69.53,B,False,,,,,4.584,114533,23
3.903,136.0540323,92,,2011-08-05,69.53,B,False,,,,,4.584,114533,23
3.903,136.0540323,93,,2011-08-05,69.53,B,False,,,,,4.584,114533,23
3.903,136.0540323,94,,2011-08-05,69.53,B,False,,,,,4.584,114533,23
3.903,136.0540323,95,,2011-08-05,69.53,B,False,,,,,4.584,114533,23
3.903,136.0540323,96,,2011-08-05,69.53,B,False,,,,,4.584,114533,23
3.903,136.0540323,97,,2011-08-05,69.53,B,False,,,,,4.584,114533,23
3.903,136.0540323,98,,2011-08-05,69.53,B,False,,,,,4.584,114533,23
3.88,136.144129,1,,2011-08-12,69.86,B,False,,,,,4.584,114533,23
3.88,136.144129,2,,2011-08-12,69.86,B,False,,,,,4.584,114533,23
3.88,136.144129,3,,2011-08-12,69.86,B,False,,,,,4.584,114533,23
3.88,136.144129,4,,2011-08-12,69.86,B,False,,,,,4.584,114533,23
3.88,136.144129,5,,2011-08-12,69.86,B,False,,,,,4.584,114533,23
3.88,136.144129,6,,2011-08-12,69.86,B,False,,,,,4.584,114533,23
3.88,136.144129,7,,2011-08-12,69.86,B,False,,,,,4.584,114533,23
3.88,136.144129,8,,2011-08-12,69.86,B,False,,,,,4.584,114533,23
3.88,136.144129,9,,2011-08-12,69.86,B,False,,,,,4.584,114533,23
3.88,136.144129,10,,2011-08-12,69.86,B,False,,,,,4.584,114533,23
3.88,136.144129,11,,2011-08-12,69.86,B,False,,,,,4.584,114533,23
3.88,136.144129,12,,2011-08-12,69.86,B,False,,,,,4.584,114533,23
3.88,136.144129,13,,2011-08-12,69.86,B,False,,,,,4.584,114533,23
3.88,136.144129,14,,2011-08-12,69.86,B,False,,,,,4.584,114533,23
3.88,136.144129,16,,2011-08-12,69.86,B,False,,,,,4.584,114533,23
3.88,136.144129,17,,2011-08-12,69.86,B,False,,,,,4.584,114533,23
3.88,136.144129,19,,2011-08-12,69.86,B,False,,,,,4.584,114533,23
3.88,136.144129,20,,2011-08-12,69.86,B,False,,,,,4.584,114533,23
3.88,136.144129,21,,2011-08-12,69.86,B,False,,,,,4.584,114533,23
3.88,136.144129,22,,2011-08-12,69.86,B,False,,,,,4.584,114533,23
3.88,136.144129,23,,2011-08-12,69.86,B,False,,,,,4.584,114533,23
3.88,136.144129,24,,2011-08-12,69.86,B,False,,,,,4.584,114533,23
3.88,136.144129,25,,2011-08-12,69.86,B,False,,,,,4.584,114533,23
3.88,136.144129,26,,2011-08-12,69.86,B,False,,,,,4.584,114533,23
3.88,136.144129,27,,2011-08-12,69.86,B,False,,,,,4.584,114533,23
3.88,136.144129,28,,2011-08-12,69.86,B,False,,,,,4.584,114533,23
3.88,136.144129,29,,2011-08-12,69.86,B,False,,,,,4.584,114533,23
3.88,136.144129,30,,2011-08-12,69.86,B,False,,,,,4.584,114533,23
3.88,136.144129,31,,2011-08-12,69.86,B,False,,,,,4.584,114533,23
3.88,136.144129,32,,2011-08-12,69.86,B,False,,,,,4.584,114533,23
3.88,136.144129,33,,2011-08-12,69.86,B,False,,,,,4.584,114533,23
3.88,136.144129,34,,2011-08-12,69.86,B,False,,,,,4.584,114533,23
3.88,136.144129,35,,2011-08-12,69.86,B,False,,,,,4.584,114533,23
3.88,136.144129,36,,2011-08-12,69.86,B,False,,,,,4.584,114533,23
3.88,136.144129,38,,2011-08-12,69.86,B,False,,,,,4.584,114533,23
3.88,136.144129,40,,2011-08-12,69.86,B,False,,,,,4.584,114533,23
3.88,136.144129,41,,2011-08-12,69.86,B,False,,,,,4.584,114533,23
3.88,136.144129,42,,2011-08-12,69.86,B,False,,,,,4.584,114533,23
3.88,136.144129,44,,2011-08-12,69.86,B,False,,,,,4.584,114533,23
3.88,136.144129,45,,2011-08-12,69.86,B,False,,,,,4.584,114533,23
3.88,136.144129,46,,2011-08-12,69.86,B,False,,,,,4.584,114533,23
3.88,136.144129,49,,2011-08-12,69.86,B,False,,,,,4.584,114533,23
3.88,136.144129,50,,2011-08-12,69.86,B,False,,,,,4.584,114533,23
3.88,136.144129,51,,2011-08-12,69.86,B,False,,,,,4.584,114533,23
3.88,136.144129,52,,2011-08-12,69.86,B,False,,,,,4.584,114533,23
3.88,136.144129,54,,2011-08-12,69.86,B,False,,,,,4.584,114533,23
3.88,136.144129,55,,2011-08-12,69.86,B,False,,,,,4.584,114533,23
3.88,136.144129,56,,2011-08-12,69.86,B,False,,,,,4.584,114533,23
3.88,136.144129,58,,2011-08-12,69.86,B,False,,,,,4.584,114533,23
3.88,136.144129,59,,2011-08-12,69.86,B,False,,,,,4.584,114533,23
3.88,136.144129,60,,2011-08-12,69.86,B,False,,,,,4.584,114533,23
3.88,136.144129,67,,2011-08-12,69.86,B,False,,,,,4.584,114533,23
3.88,136.144129,71,,2011-08-12,69.86,B,False,,,,,4.584,114533,23
3.88,136.144129,72,,2011-08-12,69.86,B,False,,,,,4.584,114533,23
3.88,136.144129,74,,2011-08-12,69.86,B,False,,,,,4.584,114533,23
3.88,136.144129,78,,2011-08-12,69.86,B,False,,,,,4.584,114533,23
3.88,136.144129,79,,2011-08-12,69.86,B,False,,,,,4.584,114533,23
3.88,136.144129,80,,2011-08-12,69.86,B,False,,,,,4.584,114533,23
3.88,136.144129,81,,2011-08-12,69.86,B,False,,,,,4.584,114533,23
3.88,136.144129,82,,2011-08-12,69.86,B,False,,,,,4.584,114533,23
3.88,136.144129,83,,2011-08-12,69.86,B,False,,,,,4.584,114533,23
3.88,136.144129,85,,2011-08-12,69.86,B,False,,,,,4.584,114533,23
3.88,136.144129,87,,2011-08-12,69.86,B,False,,,,,4.584,114533,23
3.88,136.144129,90,,2011-08-12,69.86,B,False,,,,,4.584,114533,23
3.88,136.144129,91,,2011-08-12,69.86,B,False,,,,,4.584,114533,23
3.88,136.144129,92,,2011-08-12,69.86,B,False,,,,,4.584,114533,23
3.88,136.144129,93,,2011-08-12,69.86,B,False,,,,,4.584,114533,23
3.88,136.144129,95,,2011-08-12,69.86,B,False,,,,,4.584,114533,23
3.88,136.144129,96,,2011-08-12,69.86,B,False,,,,,4.584,114533,23
3.88,136.144129,97,,2011-08-12,69.86,B,False,,,,,4.584,114533,23
3.88,136.144129,98,,2011-08-12,69.86,B,False,,,,,4.584,114533,23
3.82,136.183129,1,,2011-08-19,67.09,B,False,,,,,4.584,114533,23
3.82,136.183129,2,,2011-08-19,67.09,B,False,,,,,4.584,114533,23
3.82,136.183129,3,,2011-08-19,67.09,B,False,,,,,4.584,114533,23
3.82,136.183129,4,,2011-08-19,67.09,B,False,,,,,4.584,114533,23
3.82,136.183129,5,,2011-08-19,67.09,B,False,,,,,4.584,114533,23
3.82,136.183129,6,,2011-08-19,67.09,B,False,,,,,4.584,114533,23
3.82,136.183129,7,,2011-08-19,67.09,B,False,,,,,4.584,114533,23
3.82,136.183129,8,,2011-08-19,67.09,B,False,,,,,4.584,114533,23
3.82,136.183129,9,,2011-08-19,67.09,B,False,,,,,4.584,114533,23
3.82,136.183129,10,,2011-08-19,67.09,B,False,,,,,4.584,114533,23
3.82,136.183129,11,,2011-08-19,67.09,B,False,,,,,4.584,114533,23
3.82,136.183129,12,,2011-08-19,67.09,B,False,,,,,4.584,114533,23
3.82,136.183129,13,,2011-08-19,67.09,B,False,,,,,4.584,114533,23
3.82,136.183129,14,,2011-08-19,67.09,B,False,,,,,4.584,114533,23
3.82,136.183129,16,,2011-08-19,67.09,B,False,,,,,4.584,114533,23
3.82,136.183129,17,,2011-08-19,67.09,B,False,,,,,4.584,114533,23
3.82,136.183129,18,,2011-08-19,67.09,B,False,,,,,4.584,114533,23
3.82,136.183129,19,,2011-08-19,67.09,B,False,,,,,4.584,114533,23
3.82,136.183129,20,,2011-08-19,67.09,B,False,,,,,4.584,114533,23
3.82,136.183129,21,,2011-08-19,67.09,B,False,,,,,4.584,114533,23
3.82,136.183129,22,,2011-08-19,67.09,B,False,,,,,4.584,114533,23
3.82,136.183129,23,,2011-08-19,67.09,B,False,,,,,4.584,114533,23
3.82,136.183129,24,,2011-08-19,67.09,B,False,,,,,4.584,114533,23
3.82,136.183129,25,,2011-08-19,67.09,B,False,,,,,4.584,114533,23
3.82,136.183129,26,,2011-08-19,67.09,B,False,,,,,4.584,114533,23
3.82,136.183129,27,,2011-08-19,67.09,B,False,,,,,4.584,114533,23
3.82,136.183129,28,,2011-08-19,67.09,B,False,,,,,4.584,114533,23
3.82,136.183129,29,,2011-08-19,67.09,B,False,,,,,4.584,114533,23
3.82,136.183129,30,,2011-08-19,67.09,B,False,,,,,4.584,114533,23
3.82,136.183129,31,,2011-08-19,67.09,B,False,,,,,4.584,114533,23
3.82,136.183129,32,,2011-08-19,67.09,B,False,,,,,4.584,114533,23
3.82,136.183129,33,,2011-08-19,67.09,B,False,,,,,4.584,114533,23
3.82,136.183129,34,,2011-08-19,67.09,B,False,,,,,4.584,114533,23
3.82,136.183129,35,,2011-08-19,67.09,B,False,,,,,4.584,114533,23
3.82,136.183129,36,,2011-08-19,67.09,B,False,,,,,4.584,114533,23
3.82,136.183129,38,,2011-08-19,67.09,B,False,,,,,4.584,114533,23
3.82,136.183129,40,,2011-08-19,67.09,B,False,,,,,4.584,114533,23
3.82,136.183129,41,,2011-08-19,67.09,B,False,,,,,4.584,114533,23
3.82,136.183129,42,,2011-08-19,67.09,B,False,,,,,4.584,114533,23
3.82,136.183129,44,,2011-08-19,67.09,B,False,,,,,4.584,114533,23
3.82,136.183129,45,,2011-08-19,67.09,B,False,,,,,4.584,114533,23
3.82,136.183129,46,,2011-08-19,67.09,B,False,,,,,4.584,114533,23
3.82,136.183129,49,,2011-08-19,67.09,B,False,,,,,4.584,114533,23
3.82,136.183129,50,,2011-08-19,67.09,B,False,,,,,4.584,114533,23
3.82,136.183129,51,,2011-08-19,67.09,B,False,,,,,4.584,114533,23
3.82,136.183129,52,,2011-08-19,67.09,B,False,,,,,4.584,114533,23
3.82,136.183129,54,,2011-08-19,67.09,B,False,,,,,4.584,114533,23
3.82,136.183129,55,,2011-08-19,67.09,B,False,,,,,4.584,114533,23
3.82,136.183129,56,,2011-08-19,67.09,B,False,,,,,4.584,114533,23
3.82,136.183129,58,,2011-08-19,67.09,B,False,,,,,4.584,114533,23
3.82,136.183129,59,,2011-08-19,67.09,B,False,,,,,4.584,114533,23
3.82,136.183129,60,,2011-08-19,67.09,B,False,,,,,4.584,114533,23
3.82,136.183129,67,,2011-08-19,67.09,B,False,,,,,4.584,114533,23
3.82,136.183129,71,,2011-08-19,67.09,B,False,,,,,4.584,114533,23
3.82,136.183129,72,,2011-08-19,67.09,B,False,,,,,4.584,114533,23
3.82,136.183129,74,,2011-08-19,67.09,B,False,,,,,4.584,114533,23
3.82,136.183129,79,,2011-08-19,67.09,B,False,,,,,4.584,114533,23
3.82,136.183129,80,,2011-08-19,67.09,B,False,,,,,4.584,114533,23
3.82,136.183129,81,,2011-08-19,67.09,B,False,,,,,4.584,114533,23
3.82,136.183129,82,,2011-08-19,67.09,B,False,,,,,4.584,114533,23
3.82,136.183129,83,,2011-08-19,67.09,B,False,,,,,4.584,114533,23
3.82,136.183129,85,,2011-08-19,67.09,B,False,,,,,4.584,114533,23
3.82,136.183129,87,,2011-08-19,67.09,B,False,,,,,4.584,114533,23
3.82,136.183129,90,,2011-08-19,67.09,B,False,,,,,4.584,114533,23
3.82,136.183129,91,,2011-08-19,67.09,B,False,,,,,4.584,114533,23
3.82,136.183129,92,,2011-08-19,67.09,B,False,,,,,4.584,114533,23
3.82,136.183129,93,,2011-08-19,67.09,B,False,,,,,4.584,114533,23
3.82,136.183129,95,,2011-08-19,67.09,B,False,,,,,4.584,114533,23
3.82,136.183129,96,,2011-08-19,67.09,B,False,,,,,4.584,114533,23
3.82,136.183129,97,,2011-08-19,67.09,B,False,,,,,4.584,114533,23
3.82,136.183129,98,,2011-08-19,67.09,B,False,,,,,4.584,114533,23
3.796,136.2136129,1,,2011-08-26,67.04,B,False,,,,,4.584,114533,23
3.796,136.2136129,2,,2011-08-26,67.04,B,False,,,,,4.584,114533,23
3.796,136.2136129,3,,2011-08-26,67.04,B,False,,,,,4.584,114533,23
3.796,136.2136129,4,,2011-08-26,67.04,B,False,,,,,4.584,114533,23
3.796,136.2136129,5,,2011-08-26,67.04,B,False,,,,,4.584,114533,23
3.796,136.2136129,6,,2011-08-26,67.04,B,False,,,,,4.584,114533,23
3.796,136.2136129,7,,2011-08-26,67.04,B,False,,,,,4.584,114533,23
3.796,136.2136129,8,,2011-08-26,67.04,B,False,,,,,4.584,114533,23
3.796,136.2136129,9,,2011-08-26,67.04,B,False,,,,,4.584,114533,23
3.796,136.2136129,10,,2011-08-26,67.04,B,False,,,,,4.584,114533,23
3.796,136.2136129,11,,2011-08-26,67.04,B,False,,,,,4.584,114533,23
3.796,136.2136129,12,,2011-08-26,67.04,B,False,,,,,4.584,114533,23
3.796,136.2136129,13,,2011-08-26,67.04,B,False,,,,,4.584,114533,23
3.796,136.2136129,14,,2011-08-26,67.04,B,False,,,,,4.584,114533,23
3.796,136.2136129,16,,2011-08-26,67.04,B,False,,,,,4.584,114533,23
3.796,136.2136129,17,,2011-08-26,67.04,B,False,,,,,4.584,114533,23
3.796,136.2136129,18,,2011-08-26,67.04,B,False,,,,,4.584,114533,23
3.796,136.2136129,19,,2011-08-26,67.04,B,False,,,,,4.584,114533,23
3.796,136.2136129,20,,2011-08-26,67.04,B,False,,,,,4.584,114533,23
3.796,136.2136129,21,,2011-08-26,67.04,B,False,,,,,4.584,114533,23
3.796,136.2136129,22,,2011-08-26,67.04,B,False,,,,,4.584,114533,23
3.796,136.2136129,23,,2011-08-26,67.04,B,False,,,,,4.584,114533,23
3.796,136.2136129,24,,2011-08-26,67.04,B,False,,,,,4.584,114533,23
3.796,136.2136129,25,,2011-08-26,67.04,B,False,,,,,4.584,114533,23
3.796,136.2136129,26,,2011-08-26,67.04,B,False,,,,,4.584,114533,23
3.796,136.2136129,27,,2011-08-26,67.04,B,False,,,,,4.584,114533,23
3.796,136.2136129,28,,2011-08-26,67.04,B,False,,,,,4.584,114533,23
3.796,136.2136129,29,,2011-08-26,67.04,B,False,,,,,4.584,114533,23
3.796,136.2136129,30,,2011-08-26,67.04,B,False,,,,,4.584,114533,23
3.796,136.2136129,31,,2011-08-26,67.04,B,False,,,,,4.584,114533,23
3.796,136.2136129,32,,2011-08-26,67.04,B,False,,,,,4.584,114533,23
3.796,136.2136129,33,,2011-08-26,67.04,B,False,,,,,4.584,114533,23
3.796,136.2136129,34,,2011-08-26,67.04,B,False,,,,,4.584,114533,23
3.796,136.2136129,35,,2011-08-26,67.04,B,False,,,,,4.584,114533,23
3.796,136.2136129,36,,2011-08-26,67.04,B,False,,,,,4.584,114533,23
3.796,136.2136129,38,,2011-08-26,67.04,B,False,,,,,4.584,114533,23
3.796,136.2136129,40,,2011-08-26,67.04,B,False,,,,,4.584,114533,23
3.796,136.2136129,41,,2011-08-26,67.04,B,False,,,,,4.584,114533,23
3.796,136.2136129,42,,2011-08-26,67.04,B,False,,,,,4.584,114533,23
3.796,136.2136129,44,,2011-08-26,67.04,B,False,,,,,4.584,114533,23
3.796,136.2136129,45,,2011-08-26,67.04,B,False,,,,,4.584,114533,23
3.796,136.2136129,46,,2011-08-26,67.04,B,False,,,,,4.584,114533,23
3.796,136.2136129,49,,2011-08-26,67.04,B,False,,,,,4.584,114533,23
3.796,136.2136129,50,,2011-08-26,67.04,B,False,,,,,4.584,114533,23
3.796,136.2136129,51,,2011-08-26,67.04,B,False,,,,,4.584,114533,23
3.796,136.2136129,52,,2011-08-26,67.04,B,False,,,,,4.584,114533,23
3.796,136.2136129,54,,2011-08-26,67.04,B,False,,,,,4.584,114533,23
3.796,136.2136129,55,,2011-08-26,67.04,B,False,,,,,4.584,114533,23
3.796,136.2136129,56,,2011-08-26,67.04,B,False,,,,,4.584,114533,23
3.796,136.2136129,58,,2011-08-26,67.04,B,False,,,,,4.584,114533,23
3.796,136.2136129,59,,2011-08-26,67.04,B,False,,,,,4.584,114533,23
3.796,136.2136129,60,,2011-08-26,67.04,B,False,,,,,4.584,114533,23
3.796,136.2136129,67,,2011-08-26,67.04,B,False,,,,,4.584,114533,23
3.796,136.2136129,71,,2011-08-26,67.04,B,False,,,,,4.584,114533,23
3.796,136.2136129,72,,2011-08-26,67.04,B,False,,,,,4.584,114533,23
3.796,136.2136129,74,,2011-08-26,67.04,B,False,,,,,4.584,114533,23
3.796,136.2136129,79,,2011-08-26,67.04,B,False,,,,,4.584,114533,23
3.796,136.2136129,80,,2011-08-26,67.04,B,False,,,,,4.584,114533,23
3.796,136.2136129,81,,2011-08-26,67.04,B,False,,,,,4.584,114533,23
3.796,136.2136129,82,,2011-08-26,67.04,B,False,,,,,4.584,114533,23
3.796,136.2136129,83,,2011-08-26,67.04,B,False,,,,,4.584,114533,23
3.796,136.2136129,85,,2011-08-26,67.04,B,False,,,,,4.584,114533,23
3.796,136.2136129,87,,2011-08-26,67.04,B,False,,,,,4.584,114533,23
3.796,136.2136129,90,,2011-08-26,67.04,B,False,,,,,4.584,114533,23
3.796,136.2136129,91,,2011-08-26,67.04,B,False,,,,,4.584,114533,23
3.796,136.2136129,92,,2011-08-26,67.04,B,False,,,,,4.584,114533,23
3.796,136.2136129,93,,2011-08-26,67.04,B,False,,,,,4.584,114533,23
3.796,136.2136129,94,,2011-08-26,67.04,B,False,,,,,4.584,114533,23
3.796,136.2136129,95,,2011-08-26,67.04,B,False,,,,,4.584,114533,23
3.796,136.2136129,96,,2011-08-26,67.04,B,False,,,,,4.584,114533,23
3.796,136.2136129,97,,2011-08-26,67.04,B,False,,,,,4.584,114533,23
3.796,136.2136129,98,,2011-08-26,67.04,B,False,,,,,4.584,114533,23
3.784,136.2440968,1,,2011-09-02,65.33,B,False,,,,,4.584,114533,23
3.784,136.2440968,2,,2011-09-02,65.33,B,False,,,,,4.584,114533,23
3.784,136.2440968,3,,2011-09-02,65.33,B,False,,,,,4.584,114533,23
3.784,136.2440968,4,,2011-09-02,65.33,B,False,,,,,4.584,114533,23
3.784,136.2440968,5,,2011-09-02,65.33,B,False,,,,,4.584,114533,23
3.784,136.2440968,6,,2011-09-02,65.33,B,False,,,,,4.584,114533,23
3.784,136.2440968,7,,2011-09-02,65.33,B,False,,,,,4.584,114533,23
3.784,136.2440968,8,,2011-09-02,65.33,B,False,,,,,4.584,114533,23
3.784,136.2440968,9,,2011-09-02,65.33,B,False,,,,,4.584,114533,23
3.784,136.2440968,10,,2011-09-02,65.33,B,False,,,,,4.584,114533,23
3.784,136.2440968,11,,2011-09-02,65.33,B,False,,,,,4.584,114533,23
3.784,136.2440968,12,,2011-09-02,65.33,B,False,,,,,4.584,114533,23
3.784,136.2440968,13,,2011-09-02,65.33,B,False,,,,,4.584,114533,23
3.784,136.2440968,14,,2011-09-02,65.33,B,False,,,,,4.584,114533,23
3.784,136.2440968,16,,2011-09-02,65.33,B,False,,,,,4.584,114533,23
3.784,136.2440968,17,,2011-09-02,65.33,B,False,,,,,4.584,114533,23
3.784,136.2440968,18,,2011-09-02,65.33,B,False,,,,,4.584,114533,23
3.784,136.2440968,19,,2011-09-02,65.33,B,False,,,,,4.584,114533,23
3.784,136.2440968,20,,2011-09-02,65.33,B,False,,,,,4.584,114533,23
3.784,136.2440968,21,,2011-09-02,65.33,B,False,,,,,4.584,114533,23
3.784,136.2440968,22,,2011-09-02,65.33,B,False,,,,,4.584,114533,23
3.784,136.2440968,23,,2011-09-02,65.33,B,False,,,,,4.584,114533,23
3.784,136.2440968,24,,2011-09-02,65.33,B,False,,,,,4.584,114533,23
3.784,136.2440968,25,,2011-09-02,65.33,B,False,,,,,4.584,114533,23
3.784,136.2440968,26,,2011-09-02,65.33,B,False,,,,,4.584,114533,23
3.784,136.2440968,27,,2011-09-02,65.33,B,False,,,,,4.584,114533,23
3.784,136.2440968,28,,2011-09-02,65.33,B,False,,,,,4.584,114533,23
3.784,136.2440968,29,,2011-09-02,65.33,B,False,,,,,4.584,114533,23
3.784,136.2440968,30,,2011-09-02,65.33,B,False,,,,,4.584,114533,23
3.784,136.2440968,31,,2011-09-02,65.33,B,False,,,,,4.584,114533,23
3.784,136.2440968,32,,2011-09-02,65.33,B,False,,,,,4.584,114533,23
3.784,136.2440968,33,,2011-09-02,65.33,B,False,,,,,4.584,114533,23
3.784,136.2440968,34,,2011-09-02,65.33,B,False,,,,,4.584,114533,23
3.784,136.2440968,35,,2011-09-02,65.33,B,False,,,,,4.584,114533,23
3.784,136.2440968,36,,2011-09-02,65.33,B,False,,,,,4.584,114533,23
3.784,136.2440968,38,,2011-09-02,65.33,B,False,,,,,4.584,114533,23
3.784,136.2440968,40,,2011-09-02,65.33,B,False,,,,,4.584,114533,23
3.784,136.2440968,41,,2011-09-02,65.33,B,False,,,,,4.584,114533,23
3.784,136.2440968,42,,2011-09-02,65.33,B,False,,,,,4.584,114533,23
3.784,136.2440968,44,,2011-09-02,65.33,B,False,,,,,4.584,114533,23
3.784,136.2440968,45,,2011-09-02,65.33,B,False,,,,,4.584,114533,23
3.784,136.2440968,46,,2011-09-02,65.33,B,False,,,,,4.584,114533,23
3.784,136.2440968,48,,2011-09-02,65.33,B,False,,,,,4.584,114533,23
3.784,136.2440968,49,,2011-09-02,65.33,B,False,,,,,4.584,114533,23
3.784,136.2440968,50,,2011-09-02,65.33,B,False,,,,,4.584,114533,23
3.784,136.2440968,51,,2011-09-02,65.33,B,False,,,,,4.584,114533,23
3.784,136.2440968,52,,2011-09-02,65.33,B,False,,,,,4.584,114533,23
3.784,136.2440968,54,,2011-09-02,65.33,B,False,,,,,4.584,114533,23
3.784,136.2440968,55,,2011-09-02,65.33,B,False,,,,,4.584,114533,23
3.784,136.2440968,56,,2011-09-02,65.33,B,False,,,,,4.584,114533,23
3.784,136.2440968,58,,2011-09-02,65.33,B,False,,,,,4.584,114533,23
3.784,136.2440968,59,,2011-09-02,65.33,B,False,,,,,4.584,114533,23
3.784,136.2440968,60,,2011-09-02,65.33,B,False,,,,,4.584,114533,23
3.784,136.2440968,67,,2011-09-02,65.33,B,False,,,,,4.584,114533,23
3.784,136.2440968,71,,2011-09-02,65.33,B,False,,,,,4.584,114533,23
3.784,136.2440968,72,,2011-09-02,65.33,B,False,,,,,4.584,114533,23
3.784,136.2440968,74,,2011-09-02,65.33,B,False,,,,,4.584,114533,23
3.784,136.2440968,79,,2011-09-02,65.33,B,False,,,,,4.584,114533,23
3.784,136.2440968,80,,2011-09-02,65.33,B,False,,,,,4.584,114533,23
3.784,136.2440968,81,,2011-09-02,65.33,B,False,,,,,4.584,114533,23
3.784,136.2440968,82,,2011-09-02,65.33,B,False,,,,,4.584,114533,23
3.784,136.2440968,83,,2011-09-02,65.33,B,False,,,,,4.584,114533,23
3.784,136.2440968,85,,2011-09-02,65.33,B,False,,,,,4.584,114533,23
3.784,136.2440968,87,,2011-09-02,65.33,B,False,,,,,4.584,114533,23
3.784,136.2440968,90,,2011-09-02,65.33,B,False,,,,,4.584,114533,23
3.784,136.2440968,91,,2011-09-02,65.33,B,False,,,,,4.584,114533,23
3.784,136.2440968,92,,2011-09-02,65.33,B,False,,,,,4.584,114533,23
3.784,136.2440968,93,,2011-09-02,65.33,B,False,,,,,4.584,114533,23
3.784,136.2440968,94,,2011-09-02,65.33,B,False,,,,,4.584,114533,23
3.784,136.2440968,95,,2011-09-02,65.33,B,False,,,,,4.584,114533,23
3.784,136.2440968,96,,2011-09-02,65.33,B,False,,,,,4.584,114533,23
3.784,136.2440968,97,,2011-09-02,65.33,B,False,,,,,4.584,114533,23
3.784,136.2440968,98,,2011-09-02,65.33,B,False,,,,,4.584,114533,23
3.809,136.2745806,1,,2011-09-09,66.04,B,True,,,,,4.584,114533,23
3.809,136.2745806,2,,2011-09-09,66.04,B,True,,,,,4.584,114533,23
3.809,136.2745806,3,,2011-09-09,66.04,B,True,,,,,4.584,114533,23
3.809,136.2745806,4,,2011-09-09,66.04,B,True,,,,,4.584,114533,23
3.809,136.2745806,5,,2011-09-09,66.04,B,True,,,,,4.584,114533,23
3.809,136.2745806,6,,2011-09-09,66.04,B,True,,,,,4.584,114533,23
3.809,136.2745806,7,,2011-09-09,66.04,B,True,,,,,4.584,114533,23
3.809,136.2745806,8,,2011-09-09,66.04,B,True,,,,,4.584,114533,23
3.809,136.2745806,9,,2011-09-09,66.04,B,True,,,,,4.584,114533,23
3.809,136.2745806,10,,2011-09-09,66.04,B,True,,,,,4.584,114533,23
3.809,136.2745806,11,,2011-09-09,66.04,B,True,,,,,4.584,114533,23
3.809,136.2745806,12,,2011-09-09,66.04,B,True,,,,,4.584,114533,23
3.809,136.2745806,13,,2011-09-09,66.04,B,True,,,,,4.584,114533,23
3.809,136.2745806,14,,2011-09-09,66.04,B,True,,,,,4.584,114533,23
3.809,136.2745806,16,,2011-09-09,66.04,B,True,,,,,4.584,114533,23
3.809,136.2745806,17,,2011-09-09,66.04,B,True,,,,,4.584,114533,23
3.809,136.2745806,18,,2011-09-09,66.04,B,True,,,,,4.584,114533,23
3.809,136.2745806,19,,2011-09-09,66.04,B,True,,,,,4.584,114533,23
3.809,136.2745806,20,,2011-09-09,66.04,B,True,,,,,4.584,114533,23
3.809,136.2745806,21,,2011-09-09,66.04,B,True,,,,,4.584,114533,23
3.809,136.2745806,22,,2011-09-09,66.04,B,True,,,,,4.584,114533,23
3.809,136.2745806,23,,2011-09-09,66.04,B,True,,,,,4.584,114533,23
3.809,136.2745806,24,,2011-09-09,66.04,B,True,,,,,4.584,114533,23
3.809,136.2745806,25,,2011-09-09,66.04,B,True,,,,,4.584,114533,23
3.809,136.2745806,26,,2011-09-09,66.04,B,True,,,,,4.584,114533,23
3.809,136.2745806,27,,2011-09-09,66.04,B,True,,,,,4.584,114533,23
3.809,136.2745806,28,,2011-09-09,66.04,B,True,,,,,4.584,114533,23
3.809,136.2745806,29,,2011-09-09,66.04,B,True,,,,,4.584,114533,23
3.809,136.2745806,30,,2011-09-09,66.04,B,True,,,,,4.584,114533,23
3.809,136.2745806,31,,2011-09-09,66.04,B,True,,,,,4.584,114533,23
3.809,136.2745806,32,,2011-09-09,66.04,B,True,,,,,4.584,114533,23
3.809,136.2745806,33,,2011-09-09,66.04,B,True,,,,,4.584,114533,23
3.809,136.2745806,34,,2011-09-09,66.04,B,True,,,,,4.584,114533,23
3.809,136.2745806,35,,2011-09-09,66.04,B,True,,,,,4.584,114533,23
3.809,136.2745806,36,,2011-09-09,66.04,B,True,,,,,4.584,114533,23
3.809,136.2745806,38,,2011-09-09,66.04,B,True,,,,,4.584,114533,23
3.809,136.2745806,40,,2011-09-09,66.04,B,True,,,,,4.584,114533,23
3.809,136.2745806,41,,2011-09-09,66.04,B,True,,,,,4.584,114533,23
3.809,136.2745806,42,,2011-09-09,66.04,B,True,,,,,4.584,114533,23
3.809,136.2745806,44,,2011-09-09,66.04,B,True,,,,,4.584,114533,23
3.809,136.2745806,46,,2011-09-09,66.04,B,True,,,,,4.584,114533,23
3.809,136.2745806,49,,2011-09-09,66.04,B,True,,,,,4.584,114533,23
3.809,136.2745806,50,,2011-09-09,66.04,B,True,,,,,4.584,114533,23
3.809,136.2745806,52,,2011-09-09,66.04,B,True,,,,,4.584,114533,23
3.809,136.2745806,54,,2011-09-09,66.04,B,True,,,,,4.584,114533,23
3.809,136.2745806,55,,2011-09-09,66.04,B,True,,,,,4.584,114533,23
3.809,136.2745806,56,,2011-09-09,66.04,B,True,,,,,4.584,114533,23
3.809,136.2745806,58,,2011-09-09,66.04,B,True,,,,,4.584,114533,23
3.809,136.2745806,59,,2011-09-09,66.04,B,True,,,,,4.584,114533,23
3.809,136.2745806,60,,2011-09-09,66.04,B,True,,,,,4.584,114533,23
3.809,136.2745806,67,,2011-09-09,66.04,B,True,,,,,4.584,114533,23
3.809,136.2745806,71,,2011-09-09,66.04,B,True,,,,,4.584,114533,23
3.809,136.2745806,72,,2011-09-09,66.04,B,True,,,,,4.584,114533,23
3.809,136.2745806,74,,2011-09-09,66.04,B,True,,,,,4.584,114533,23
3.809,136.2745806,78,,2011-09-09,66.04,B,True,,,,,4.584,114533,23
3.809,136.2745806,79,,2011-09-09,66.04,B,True,,,,,4.584,114533,23
3.809,136.2745806,80,,2011-09-09,66.04,B,True,,,,,4.584,114533,23
3.809,136.2745806,81,,2011-09-09,66.04,B,True,,,,,4.584,114533,23
3.809,136.2745806,82,,2011-09-09,66.04,B,True,,,,,4.584,114533,23
3.809,136.2745806,83,,2011-09-09,66.04,B,True,,,,,4.584,114533,23
3.809,136.2745806,85,,2011-09-09,66.04,B,True,,,,,4.584,114533,23
3.809,136.2745806,87,,2011-09-09,66.04,B,True,,,,,4.584,114533,23
3.809,136.2745806,90,,2011-09-09,66.04,B,True,,,,,4.584,114533,23
3.809,136.2745806,91,,2011-09-09,66.04,B,True,,,,,4.584,114533,23
3.809,136.2745806,92,,2011-09-09,66.04,B,True,,,,,4.584,114533,23
3.809,136.2745806,93,,2011-09-09,66.04,B,True,,,,,4.584,114533,23
3.809,136.2745806,94,,2011-09-09,66.04,B,True,,,,,4.584,114533,23
3.809,136.2745806,95,,2011-09-09,66.04,B,True,,,,,4.584,114533,23
3.809,136.2745806,96,,2011-09-09,66.04,B,True,,,,,4.584,114533,23
3.809,136.2745806,97,,2011-09-09,66.04,B,True,,,,,4.584,114533,23
3.809,136.2745806,98,,2011-09-09,66.04,B,True,,,,,4.584,114533,23
3.809,136.3145,1,,2011-09-16,60.52,B,False,,,,,4.584,114533,23
3.809,136.3145,2,,2011-09-16,60.52,B,False,,,,,4.584,114533,23
3.809,136.3145,3,,2011-09-16,60.52,B,False,,,,,4.584,114533,23
3.809,136.3145,4,,2011-09-16,60.52,B,False,,,,,4.584,114533,23
3.809,136.3145,5,,2011-09-16,60.52,B,False,,,,,4.584,114533,23
3.809,136.3145,6,,2011-09-16,60.52,B,False,,,,,4.584,114533,23
3.809,136.3145,7,,2011-09-16,60.52,B,False,,,,,4.584,114533,23
3.809,136.3145,8,,2011-09-16,60.52,B,False,,,,,4.584,114533,23
3.809,136.3145,9,,2011-09-16,60.52,B,False,,,,,4.584,114533,23
3.809,136.3145,10,,2011-09-16,60.52,B,False,,,,,4.584,114533,23
3.809,136.3145,11,,2011-09-16,60.52,B,False,,,,,4.584,114533,23
3.809,136.3145,12,,2011-09-16,60.52,B,False,,,,,4.584,114533,23
3.809,136.3145,13,,2011-09-16,60.52,B,False,,,,,4.584,114533,23
3.809,136.3145,14,,2011-09-16,60.52,B,False,,,,,4.584,114533,23
3.809,136.3145,16,,2011-09-16,60.52,B,False,,,,,4.584,114533,23
3.809,136.3145,17,,2011-09-16,60.52,B,False,,,,,4.584,114533,23
3.809,136.3145,18,,2011-09-16,60.52,B,False,,,,,4.584,114533,23
3.809,136.3145,19,,2011-09-16,60.52,B,False,,,,,4.584,114533,23
3.809,136.3145,20,,2011-09-16,60.52,B,False,,,,,4.584,114533,23
3.809,136.3145,21,,2011-09-16,60.52,B,False,,,,,4.584,114533,23
3.809,136.3145,22,,2011-09-16,60.52,B,False,,,,,4.584,114533,23
3.809,136.3145,23,,2011-09-16,60.52,B,False,,,,,4.584,114533,23
3.809,136.3145,24,,2011-09-16,60.52,B,False,,,,,4.584,114533,23
3.809,136.3145,25,,2011-09-16,60.52,B,False,,,,,4.584,114533,23
3.809,136.3145,26,,2011-09-16,60.52,B,False,,,,,4.584,114533,23
3.809,136.3145,27,,2011-09-16,60.52,B,False,,,,,4.584,114533,23
3.809,136.3145,28,,2011-09-16,60.52,B,False,,,,,4.584,114533,23
3.809,136.3145,29,,2011-09-16,60.52,B,False,,,,,4.584,114533,23
3.809,136.3145,30,,2011-09-16,60.52,B,False,,,,,4.584,114533,23
3.809,136.3145,31,,2011-09-16,60.52,B,False,,,,,4.584,114533,23
3.809,136.3145,32,,2011-09-16,60.52,B,False,,,,,4.584,114533,23
3.809,136.3145,33,,2011-09-16,60.52,B,False,,,,,4.584,114533,23
3.809,136.3145,34,,2011-09-16,60.52,B,False,,,,,4.584,114533,23
3.809,136.3145,35,,2011-09-16,60.52,B,False,,,,,4.584,114533,23
3.809,136.3145,36,,2011-09-16,60.52,B,False,,,,,4.584,114533,23
3.809,136.3145,38,,2011-09-16,60.52,B,False,,,,,4.584,114533,23
3.809,136.3145,40,,2011-09-16,60.52,B,False,,,,,4.584,114533,23
